%YAML 1.1
%TAG !u! tag:unity3d.com,2011:
--- !u!1 &5907292704102003641
GameObject:
  m_ObjectHideFlags: 0
  m_CorrespondingSourceObject: {fileID: 0}
  m_PrefabInstance: {fileID: 0}
  m_PrefabAsset: {fileID: 0}
  serializedVersion: 6
  m_Component:
  - component: {fileID: 5907292704102003646}
  m_Layer: 0
  m_Name: Mount_Cockpit
  m_TagString: Untagged
  m_Icon: {fileID: 0}
  m_NavMeshLayer: 0
  m_StaticEditorFlags: 0
  m_IsActive: 1
--- !u!4 &5907292704102003646
Transform:
  m_ObjectHideFlags: 0
  m_CorrespondingSourceObject: {fileID: 0}
  m_PrefabInstance: {fileID: 0}
  m_PrefabAsset: {fileID: 0}
  m_GameObject: {fileID: 5907292704102003641}
  m_LocalRotation: {x: 0, y: -0, z: -0, w: 1}
  m_LocalPosition: {x: -1.8645418e-32, y: 0.6263289, z: -0.82080543}
  m_LocalScale: {x: 1, y: 1, z: 1}
  m_Children:
  - {fileID: 5907292705087068371}
  m_Father: {fileID: 5907292704905637201}
  m_RootOrder: 0
  m_LocalEulerAnglesHint: {x: 0, y: 0, z: 0}
--- !u!1 &5907292704260105080
GameObject:
  m_ObjectHideFlags: 0
  m_CorrespondingSourceObject: {fileID: 0}
  m_PrefabInstance: {fileID: 0}
  m_PrefabAsset: {fileID: 0}
  serializedVersion: 6
  m_Component:
  - component: {fileID: 5907292704260105081}
  m_Layer: 0
  m_Name: Mount_Wheel_RL
  m_TagString: Untagged
  m_Icon: {fileID: 0}
  m_NavMeshLayer: 0
  m_StaticEditorFlags: 0
  m_IsActive: 1
--- !u!4 &5907292704260105081
Transform:
  m_ObjectHideFlags: 0
  m_CorrespondingSourceObject: {fileID: 0}
  m_PrefabInstance: {fileID: 0}
  m_PrefabAsset: {fileID: 0}
  m_GameObject: {fileID: 5907292704260105080}
  m_LocalRotation: {x: 0, y: 0, z: 0.017452406, w: 0.9998477}
  m_LocalPosition: {x: -0, y: 0, z: 0}
  m_LocalScale: {x: 1, y: 1, z: 1}
  m_Children:
  - {fileID: 5907292705101317781}
  - {fileID: 5907292704301738218}
  m_Father: {fileID: 5907292705524636029}
  m_RootOrder: 0
  m_LocalEulerAnglesHint: {x: 0, y: 0, z: 0}
--- !u!1 &5907292704301738213
GameObject:
  m_ObjectHideFlags: 0
  m_CorrespondingSourceObject: {fileID: 0}
  m_PrefabInstance: {fileID: 0}
  m_PrefabAsset: {fileID: 0}
  serializedVersion: 6
  m_Component:
  - component: {fileID: 5907292704301738218}
  - component: {fileID: 5907292704301738216}
  - component: {fileID: 5907292704301738219}
  m_Layer: 0
  m_Name: RL_Wheel_Geom
  m_TagString: Untagged
  m_Icon: {fileID: 0}
  m_NavMeshLayer: 0
  m_StaticEditorFlags: 0
  m_IsActive: 1
--- !u!4 &5907292704301738218
Transform:
  m_ObjectHideFlags: 0
  m_CorrespondingSourceObject: {fileID: 0}
  m_PrefabInstance: {fileID: 0}
  m_PrefabAsset: {fileID: 0}
  m_GameObject: {fileID: 5907292704301738213}
  m_LocalRotation: {x: 0, y: -0, z: -0, w: 1}
  m_LocalPosition: {x: 0.00000009665163, y: -0.0000015955886, z: 0.0000012219773}
  m_LocalScale: {x: 1, y: 1, z: 1}
  m_Children: []
  m_Father: {fileID: 5907292704260105081}
  m_RootOrder: 1
  m_LocalEulerAnglesHint: {x: 0, y: 0, z: 0}
--- !u!33 &5907292704301738216
MeshFilter:
  m_ObjectHideFlags: 0
  m_CorrespondingSourceObject: {fileID: 0}
  m_PrefabInstance: {fileID: 0}
  m_PrefabAsset: {fileID: 0}
  m_GameObject: {fileID: 5907292704301738213}
  m_Mesh: {fileID: 4300002, guid: 3c0b8de62637d574c924cac3350db78b, type: 3}
--- !u!23 &5907292704301738219
MeshRenderer:
  m_ObjectHideFlags: 0
  m_CorrespondingSourceObject: {fileID: 0}
  m_PrefabInstance: {fileID: 0}
  m_PrefabAsset: {fileID: 0}
  m_GameObject: {fileID: 5907292704301738213}
  m_Enabled: 1
  m_CastShadows: 1
  m_ReceiveShadows: 1
  m_DynamicOccludee: 1
  m_MotionVectors: 1
  m_LightProbeUsage: 0
  m_ReflectionProbeUsage: 1
  m_RenderingLayerMask: 1
  m_RendererPriority: 0
  m_Materials:
  - {fileID: 2100000, guid: 8b80dc1528f0e484caffd647f123bdd6, type: 2}
  m_StaticBatchInfo:
    firstSubMesh: 0
    subMeshCount: 0
  m_StaticBatchRoot: {fileID: 0}
  m_ProbeAnchor: {fileID: 0}
  m_LightProbeVolumeOverride: {fileID: 0}
  m_ScaleInLightmap: 1
  m_PreserveUVs: 0
  m_IgnoreNormalsForChartDetection: 0
  m_ImportantGI: 0
  m_StitchLightmapSeams: 0
  m_SelectedEditorRenderState: 3
  m_MinimumChartSize: 4
  m_AutoUVMaxDistance: 0.5
  m_AutoUVMaxAngle: 89
  m_LightmapParameters: {fileID: 0}
  m_SortingLayerID: 0
  m_SortingLayer: 0
  m_SortingOrder: 0
--- !u!1 &5907292704381677697
GameObject:
  m_ObjectHideFlags: 0
  m_CorrespondingSourceObject: {fileID: 0}
  m_PrefabInstance: {fileID: 0}
  m_PrefabAsset: {fileID: 0}
  serializedVersion: 6
  m_Component:
  - component: {fileID: 5907292704381677702}
  m_Layer: 0
  m_Name: Wheel_FR
  m_TagString: Untagged
  m_Icon: {fileID: 0}
  m_NavMeshLayer: 0
  m_StaticEditorFlags: 0
  m_IsActive: 1
--- !u!4 &5907292704381677702
Transform:
  m_ObjectHideFlags: 0
  m_CorrespondingSourceObject: {fileID: 0}
  m_PrefabInstance: {fileID: 0}
  m_PrefabAsset: {fileID: 0}
  m_GameObject: {fileID: 5907292704381677697}
  m_LocalRotation: {x: 0, y: -0, z: -0, w: 1}
  m_LocalPosition: {x: 1.102022, y: -0.14866741, z: 1.5806019}
  m_LocalScale: {x: 1, y: 1, z: 1}
  m_Children:
  - {fileID: 5907292704893810049}
  m_Father: {fileID: 5907292704905637201}
  m_RootOrder: 2
  m_LocalEulerAnglesHint: {x: 0, y: 0, z: 0}
--- !u!1 &5907292704421783745
GameObject:
  m_ObjectHideFlags: 0
  m_CorrespondingSourceObject: {fileID: 0}
  m_PrefabInstance: {fileID: 0}
  m_PrefabAsset: {fileID: 0}
  serializedVersion: 6
  m_Component:
  - component: {fileID: 5907292704421783750}
  m_Layer: 0
  m_Name: ROOT
  m_TagString: Untagged
  m_Icon: {fileID: 0}
  m_NavMeshLayer: 0
  m_StaticEditorFlags: 0
  m_IsActive: 1
--- !u!4 &5907292704421783750
Transform:
  m_ObjectHideFlags: 0
  m_CorrespondingSourceObject: {fileID: 0}
  m_PrefabInstance: {fileID: 0}
  m_PrefabAsset: {fileID: 0}
  m_GameObject: {fileID: 5907292704421783745}
  m_LocalRotation: {x: 0, y: -0, z: -0, w: 1}
  m_LocalPosition: {x: -0, y: 0, z: 0}
  m_LocalScale: {x: 1, y: 1, z: 1}
  m_Children:
  - {fileID: 5907292704905637201}
  m_Father: {fileID: 5907292704878578178}
  m_RootOrder: 2
  m_LocalEulerAnglesHint: {x: 0, y: 0, z: 0}
--- !u!1 &5907292704586891505
GameObject:
  m_ObjectHideFlags: 0
  m_CorrespondingSourceObject: {fileID: 0}
  m_PrefabInstance: {fileID: 0}
  m_PrefabAsset: {fileID: 0}
  serializedVersion: 6
  m_Component:
  - component: {fileID: 5907292704586891510}
  m_Layer: 0
  m_Name: Mount_Wheel_RR
  m_TagString: Untagged
  m_Icon: {fileID: 0}
  m_NavMeshLayer: 0
  m_StaticEditorFlags: 0
  m_IsActive: 1
--- !u!4 &5907292704586891510
Transform:
  m_ObjectHideFlags: 0
  m_CorrespondingSourceObject: {fileID: 0}
  m_PrefabInstance: {fileID: 0}
  m_PrefabAsset: {fileID: 0}
  m_GameObject: {fileID: 5907292704586891505}
  m_LocalRotation: {x: 0, y: -0, z: -0.017452406, w: 0.9998477}
  m_LocalPosition: {x: -0, y: -4.2632563e-16, z: 2.842171e-16}
  m_LocalScale: {x: -1, y: 1, z: 1}
  m_Children:
  - {fileID: 5907292704989722484}
  - {fileID: 5907292704684116643}
  m_Father: {fileID: 5907292705272246296}
  m_RootOrder: 0
  m_LocalEulerAnglesHint: {x: 0, y: 0, z: 0}
--- !u!1 &5907292704684116642
GameObject:
  m_ObjectHideFlags: 0
  m_CorrespondingSourceObject: {fileID: 0}
  m_PrefabInstance: {fileID: 0}
  m_PrefabAsset: {fileID: 0}
  serializedVersion: 6
  m_Component:
  - component: {fileID: 5907292704684116643}
  - component: {fileID: 5907292704684116641}
  - component: {fileID: 5907292704684116640}
  m_Layer: 0
  m_Name: RL_Wheel_Geom 1
  m_TagString: Untagged
  m_Icon: {fileID: 0}
  m_NavMeshLayer: 0
  m_StaticEditorFlags: 0
  m_IsActive: 1
--- !u!4 &5907292704684116643
Transform:
  m_ObjectHideFlags: 0
  m_CorrespondingSourceObject: {fileID: 0}
  m_PrefabInstance: {fileID: 0}
  m_PrefabAsset: {fileID: 0}
  m_GameObject: {fileID: 5907292704684116642}
  m_LocalRotation: {x: 0, y: -0, z: -0, w: 1}
  m_LocalPosition: {x: 0.00000009665163, y: -0.0000015955886, z: 0.0000012219773}
  m_LocalScale: {x: 1, y: 1, z: 1}
  m_Children: []
  m_Father: {fileID: 5907292704586891510}
  m_RootOrder: 1
  m_LocalEulerAnglesHint: {x: 0, y: 0, z: 0}
--- !u!33 &5907292704684116641
MeshFilter:
  m_ObjectHideFlags: 0
  m_CorrespondingSourceObject: {fileID: 0}
  m_PrefabInstance: {fileID: 0}
  m_PrefabAsset: {fileID: 0}
  m_GameObject: {fileID: 5907292704684116642}
  m_Mesh: {fileID: 4300000, guid: 3c0b8de62637d574c924cac3350db78b, type: 3}
--- !u!23 &5907292704684116640
MeshRenderer:
  m_ObjectHideFlags: 0
  m_CorrespondingSourceObject: {fileID: 0}
  m_PrefabInstance: {fileID: 0}
  m_PrefabAsset: {fileID: 0}
  m_GameObject: {fileID: 5907292704684116642}
  m_Enabled: 1
  m_CastShadows: 1
  m_ReceiveShadows: 1
  m_DynamicOccludee: 1
  m_MotionVectors: 1
  m_LightProbeUsage: 0
  m_ReflectionProbeUsage: 1
  m_RenderingLayerMask: 1
  m_RendererPriority: 0
  m_Materials:
  - {fileID: 2100000, guid: 8b80dc1528f0e484caffd647f123bdd6, type: 2}
  m_StaticBatchInfo:
    firstSubMesh: 0
    subMeshCount: 0
  m_StaticBatchRoot: {fileID: 0}
  m_ProbeAnchor: {fileID: 0}
  m_LightProbeVolumeOverride: {fileID: 0}
  m_ScaleInLightmap: 1
  m_PreserveUVs: 0
  m_IgnoreNormalsForChartDetection: 0
  m_ImportantGI: 0
  m_StitchLightmapSeams: 0
  m_SelectedEditorRenderState: 3
  m_MinimumChartSize: 4
  m_AutoUVMaxDistance: 0.5
  m_AutoUVMaxAngle: 89
  m_LightmapParameters: {fileID: 0}
  m_SortingLayerID: 0
  m_SortingLayer: 0
  m_SortingOrder: 0
--- !u!1 &5907292704878578685
GameObject:
  m_ObjectHideFlags: 0
  m_CorrespondingSourceObject: {fileID: 0}
  m_PrefabInstance: {fileID: 0}
  m_PrefabAsset: {fileID: 0}
  serializedVersion: 6
  m_Component:
  - component: {fileID: 5907292704878578178}
  - component: {fileID: 5907292704878578179}
  m_Layer: 0
  m_Name: Buggy_Chassis_Lvl1
  m_TagString: Untagged
  m_Icon: {fileID: 0}
  m_NavMeshLayer: 0
  m_StaticEditorFlags: 0
  m_IsActive: 1
--- !u!4 &5907292704878578178
Transform:
  m_ObjectHideFlags: 0
  m_CorrespondingSourceObject: {fileID: 0}
  m_PrefabInstance: {fileID: 0}
  m_PrefabAsset: {fileID: 0}
  m_GameObject: {fileID: 5907292704878578685}
  m_LocalRotation: {x: 0, y: -0, z: -0, w: 1}
  m_LocalPosition: {x: 0, y: 0, z: -27}
  m_LocalScale: {x: 1, y: 1, z: 1}
  m_Children:
  - {fileID: 5907292705460350276}
  - {fileID: 5907292704964113509}
  - {fileID: 5907292704421783750}
  m_Father: {fileID: 0}
  m_RootOrder: 0
  m_LocalEulerAnglesHint: {x: 0, y: 0, z: 0}
--- !u!95 &5907292704878578179
Animator:
  serializedVersion: 3
  m_ObjectHideFlags: 0
  m_CorrespondingSourceObject: {fileID: 0}
  m_PrefabInstance: {fileID: 0}
  m_PrefabAsset: {fileID: 0}
  m_GameObject: {fileID: 5907292704878578685}
  m_Enabled: 1
  m_Avatar: {fileID: 9000000, guid: 3c0b8de62637d574c924cac3350db78b, type: 3}
  m_Controller: {fileID: 0}
  m_CullingMode: 1
  m_UpdateMode: 0
  m_ApplyRootMotion: 1
  m_LinearVelocityBlending: 0
  m_WarningMessage: 
  m_HasTransformHierarchy: 1
  m_AllowConstantClipSamplingOptimization: 1
  m_KeepAnimatorControllerStateOnDisable: 0
--- !u!1 &5907292704905637200
GameObject:
  m_ObjectHideFlags: 0
  m_CorrespondingSourceObject: {fileID: 0}
  m_PrefabInstance: {fileID: 0}
  m_PrefabAsset: {fileID: 0}
  serializedVersion: 6
  m_Component:
  - component: {fileID: 5907292704905637201}
  m_Layer: 0
  m_Name: Body
  m_TagString: Untagged
  m_Icon: {fileID: 0}
  m_NavMeshLayer: 0
  m_StaticEditorFlags: 0
  m_IsActive: 1
--- !u!4 &5907292704905637201
Transform:
  m_ObjectHideFlags: 0
  m_CorrespondingSourceObject: {fileID: 0}
  m_PrefabInstance: {fileID: 0}
  m_PrefabAsset: {fileID: 0}
  m_GameObject: {fileID: 5907292704905637200}
  m_LocalRotation: {x: 0, y: -0, z: -0, w: 1}
  m_LocalPosition: {x: -0, y: 0.63360476, z: 0}
  m_LocalScale: {x: 1, y: 1, z: 1}
  m_Children:
  - {fileID: 5907292704102003646}
  - {fileID: 5907292705715676889}
  - {fileID: 5907292704381677702}
  - {fileID: 5907292705524636029}
  - {fileID: 5907292705272246296}
  m_Father: {fileID: 5907292704421783750}
  m_RootOrder: 0
  m_LocalEulerAnglesHint: {x: 0, y: 0, z: 0}
--- !u!1 &5907292704918636557
GameObject:
  m_ObjectHideFlags: 0
  m_CorrespondingSourceObject: {fileID: 0}
  m_PrefabInstance: {fileID: 0}
  m_PrefabAsset: {fileID: 0}
  serializedVersion: 6
  m_Component:
  - component: {fileID: 5907292704918636562}
  m_Layer: 0
  m_Name: Mount_Wheel_FL
  m_TagString: Untagged
  m_Icon: {fileID: 0}
  m_NavMeshLayer: 0
  m_StaticEditorFlags: 0
  m_IsActive: 1
--- !u!4 &5907292704918636562
Transform:
  m_ObjectHideFlags: 0
  m_CorrespondingSourceObject: {fileID: 0}
  m_PrefabInstance: {fileID: 0}
  m_PrefabAsset: {fileID: 0}
  m_GameObject: {fileID: 5907292704918636557}
  m_LocalRotation: {x: 0.0015210772, y: 0.08714247, z: 0.017385995, w: 0.996043}
  m_LocalPosition: {x: -0, y: 0, z: 0}
  m_LocalScale: {x: 1, y: 1, z: 1}
  m_Children:
  - {fileID: 5907292705703434903}
  m_Father: {fileID: 5907292705715676889}
  m_RootOrder: 0
  m_LocalEulerAnglesHint: {x: 0, y: 0, z: 0}
--- !u!1 &5907292705272246299
GameObject:
  m_ObjectHideFlags: 0
  m_CorrespondingSourceObject: {fileID: 0}
  m_PrefabInstance: {fileID: 0}
  m_PrefabAsset: {fileID: 0}
  serializedVersion: 6
  m_Component:
  - component: {fileID: 5907292705272246296}
  m_Layer: 0
  m_Name: Wheel_RR
  m_TagString: Untagged
  m_Icon: {fileID: 0}
  m_NavMeshLayer: 0
  m_StaticEditorFlags: 0
  m_IsActive: 1
--- !u!4 &5907292705272246296
Transform:
  m_ObjectHideFlags: 0
  m_CorrespondingSourceObject: {fileID: 0}
  m_PrefabInstance: {fileID: 0}
  m_PrefabAsset: {fileID: 0}
  m_GameObject: {fileID: 5907292705272246299}
  m_LocalRotation: {x: 0, y: -0, z: -0, w: 1}
  m_LocalPosition: {x: 1.0418055, y: 0, z: -1.746518}
  m_LocalScale: {x: 1, y: 1, z: 1}
  m_Children:
  - {fileID: 5907292704586891510}
  m_Father: {fileID: 5907292704905637201}
  m_RootOrder: 4
  m_LocalEulerAnglesHint: {x: 0, y: 0, z: 0}
--- !u!1 &5907292705460350279
GameObject:
  m_ObjectHideFlags: 0
  m_CorrespondingSourceObject: {fileID: 0}
  m_PrefabInstance: {fileID: 0}
  m_PrefabAsset: {fileID: 0}
  serializedVersion: 6
  m_Component:
  - component: {fileID: 5907292705460350276}
  - component: {fileID: 5907292705460350277}
  m_Layer: 0
  m_Name: Buggy_Chassis_Lvl1_Geom
  m_TagString: Untagged
  m_Icon: {fileID: 0}
  m_NavMeshLayer: 0
  m_StaticEditorFlags: 0
  m_IsActive: 1
--- !u!4 &5907292705460350276
Transform:
  m_ObjectHideFlags: 0
  m_CorrespondingSourceObject: {fileID: 0}
  m_PrefabInstance: {fileID: 0}
  m_PrefabAsset: {fileID: 0}
  m_GameObject: {fileID: 5907292705460350279}
  m_LocalRotation: {x: 0, y: -0, z: -0, w: 1}
  m_LocalPosition: {x: -0, y: 0, z: 0}
  m_LocalScale: {x: 1, y: 1, z: 1}
  m_Children: []
  m_Father: {fileID: 5907292704878578178}
  m_RootOrder: 0
  m_LocalEulerAnglesHint: {x: 0, y: 0, z: 0}
--- !u!137 &5907292705460350277
SkinnedMeshRenderer:
  m_ObjectHideFlags: 0
  m_CorrespondingSourceObject: {fileID: 0}
  m_PrefabInstance: {fileID: 0}
  m_PrefabAsset: {fileID: 0}
  m_GameObject: {fileID: 5907292705460350279}
  m_Enabled: 1
  m_CastShadows: 1
  m_ReceiveShadows: 1
  m_DynamicOccludee: 1
  m_MotionVectors: 1
  m_LightProbeUsage: 0
  m_ReflectionProbeUsage: 1
  m_RenderingLayerMask: 1
  m_RendererPriority: 0
  m_Materials:
  - {fileID: 2100000, guid: 8b80dc1528f0e484caffd647f123bdd6, type: 2}
  m_StaticBatchInfo:
    firstSubMesh: 0
    subMeshCount: 0
  m_StaticBatchRoot: {fileID: 0}
  m_ProbeAnchor: {fileID: 0}
  m_LightProbeVolumeOverride: {fileID: 0}
  m_ScaleInLightmap: 1
  m_PreserveUVs: 0
  m_IgnoreNormalsForChartDetection: 0
  m_ImportantGI: 0
  m_StitchLightmapSeams: 0
  m_SelectedEditorRenderState: 3
  m_MinimumChartSize: 4
  m_AutoUVMaxDistance: 0.5
  m_AutoUVMaxAngle: 89
  m_LightmapParameters: {fileID: 0}
  m_SortingLayerID: 0
  m_SortingLayer: 0
  m_SortingOrder: 0
  serializedVersion: 2
  m_Quality: 0
  m_UpdateWhenOffscreen: 0
  m_SkinnedMotionVectors: 1
  m_Mesh: {fileID: 4300008, guid: 3c0b8de62637d574c924cac3350db78b, type: 3}
  m_Bones:
  - {fileID: 5907292704905637201}
  - {fileID: 5907292705272246296}
  - {fileID: 5907292705524636029}
  - {fileID: 5907292704381677702}
  - {fileID: 5907292705715676889}
  m_BlendShapeWeights: []
  m_RootBone: {fileID: 5907292704905637201}
  m_AABB:
    m_Center: {x: 0, y: 0.17613669, z: -0.24397397}
    m_Extent: {x: 1.2484394, y: 0.50074273, z: 2.0575566}
  m_DirtyAABB: 0
--- !u!1 &5907292705524636028
GameObject:
  m_ObjectHideFlags: 0
  m_CorrespondingSourceObject: {fileID: 0}
  m_PrefabInstance: {fileID: 0}
  m_PrefabAsset: {fileID: 0}
  serializedVersion: 6
  m_Component:
  - component: {fileID: 5907292705524636029}
  m_Layer: 0
  m_Name: Wheel_RL
  m_TagString: Untagged
  m_Icon: {fileID: 0}
  m_NavMeshLayer: 0
  m_StaticEditorFlags: 0
  m_IsActive: 1
--- !u!4 &5907292705524636029
Transform:
  m_ObjectHideFlags: 0
  m_CorrespondingSourceObject: {fileID: 0}
  m_PrefabInstance: {fileID: 0}
  m_PrefabAsset: {fileID: 0}
  m_GameObject: {fileID: 5907292705524636028}
  m_LocalRotation: {x: 0, y: -0, z: -0, w: 1}
  m_LocalPosition: {x: -1.0418055, y: 0, z: -1.746518}
  m_LocalScale: {x: 1, y: 1, z: 1}
  m_Children:
  - {fileID: 5907292704260105081}
  m_Father: {fileID: 5907292704905637201}
  m_RootOrder: 3
  m_LocalEulerAnglesHint: {x: 0, y: 0, z: 0}
--- !u!1 &5907292705715676888
GameObject:
  m_ObjectHideFlags: 0
  m_CorrespondingSourceObject: {fileID: 0}
  m_PrefabInstance: {fileID: 0}
  m_PrefabAsset: {fileID: 0}
  serializedVersion: 6
  m_Component:
  - component: {fileID: 5907292705715676889}
  m_Layer: 0
  m_Name: Wheel_FL
  m_TagString: Untagged
  m_Icon: {fileID: 0}
  m_NavMeshLayer: 0
  m_StaticEditorFlags: 0
  m_IsActive: 1
--- !u!4 &5907292705715676889
Transform:
  m_ObjectHideFlags: 0
  m_CorrespondingSourceObject: {fileID: 0}
  m_PrefabInstance: {fileID: 0}
  m_PrefabAsset: {fileID: 0}
  m_GameObject: {fileID: 5907292705715676888}
  m_LocalRotation: {x: 0, y: -0, z: -0, w: 1}
  m_LocalPosition: {x: -1.102022, y: -0.14866741, z: 1.5806019}
  m_LocalScale: {x: 1, y: 1, z: 1}
  m_Children:
  - {fileID: 5907292704918636562}
  m_Father: {fileID: 5907292704905637201}
  m_RootOrder: 1
  m_LocalEulerAnglesHint: {x: 0, y: 0, z: 0}
--- !u!1001 &5907292704503961007
PrefabInstance:
  m_ObjectHideFlags: 0
  serializedVersion: 2
  m_Modification:
    m_TransformParent: {fileID: 5907292705087068375}
    m_Modifications:
    - target: {fileID: 400002, guid: 83a683609fe2ae64097b0691e09aad8a, type: 3}
      propertyPath: m_LocalPosition.x
      value: 0
      objectReference: {fileID: 0}
    - target: {fileID: 400002, guid: 83a683609fe2ae64097b0691e09aad8a, type: 3}
      propertyPath: m_LocalPosition.y
      value: 0.3375377
      objectReference: {fileID: 0}
    - target: {fileID: 400002, guid: 83a683609fe2ae64097b0691e09aad8a, type: 3}
      propertyPath: m_LocalPosition.z
      value: 0.16335726
      objectReference: {fileID: 0}
    - target: {fileID: 400002, guid: 83a683609fe2ae64097b0691e09aad8a, type: 3}
      propertyPath: m_LocalRotation.x
      value: 0
      objectReference: {fileID: 0}
    - target: {fileID: 400002, guid: 83a683609fe2ae64097b0691e09aad8a, type: 3}
      propertyPath: m_LocalRotation.y
      value: -0
      objectReference: {fileID: 0}
    - target: {fileID: 400002, guid: 83a683609fe2ae64097b0691e09aad8a, type: 3}
      propertyPath: m_LocalRotation.z
      value: 0
      objectReference: {fileID: 0}
    - target: {fileID: 400002, guid: 83a683609fe2ae64097b0691e09aad8a, type: 3}
      propertyPath: m_LocalRotation.w
      value: 1
      objectReference: {fileID: 0}
    m_RemovedComponents: []
  m_SourcePrefab: {fileID: 100100000, guid: 83a683609fe2ae64097b0691e09aad8a, type: 3}
--- !u!1001 &5907292704893939459
PrefabInstance:
  m_ObjectHideFlags: 0
  serializedVersion: 2
  m_Modification:
    m_TransformParent: {fileID: 5907292704381677702}
    m_Modifications:
    - target: {fileID: 400002, guid: fe858b757ca155b419946d2311fd3698, type: 3}
      propertyPath: m_LocalPosition.x
      value: -0
      objectReference: {fileID: 0}
    - target: {fileID: 400002, guid: fe858b757ca155b419946d2311fd3698, type: 3}
      propertyPath: m_LocalPosition.y
      value: -7.105427e-17
      objectReference: {fileID: 0}
    - target: {fileID: 400002, guid: fe858b757ca155b419946d2311fd3698, type: 3}
      propertyPath: m_LocalPosition.z
      value: 0
      objectReference: {fileID: 0}
    - target: {fileID: 400002, guid: fe858b757ca155b419946d2311fd3698, type: 3}
      propertyPath: m_LocalRotation.x
      value: -0.0015210772
      objectReference: {fileID: 0}
    - target: {fileID: 400002, guid: fe858b757ca155b419946d2311fd3698, type: 3}
      propertyPath: m_LocalRotation.y
      value: 0.08714247
      objectReference: {fileID: 0}
    - target: {fileID: 400002, guid: fe858b757ca155b419946d2311fd3698, type: 3}
      propertyPath: m_LocalRotation.z
      value: -0.017385995
      objectReference: {fileID: 0}
    - target: {fileID: 400002, guid: fe858b757ca155b419946d2311fd3698, type: 3}
      propertyPath: m_LocalRotation.w
      value: 0.996043
      objectReference: {fileID: 0}
    m_RemovedComponents: []
  m_SourcePrefab: {fileID: 100100000, guid: fe858b757ca155b419946d2311fd3698, type: 3}
--- !u!4 &5907292704893810049 stripped
Transform:
  m_CorrespondingSourceObject: {fileID: 400002, guid: fe858b757ca155b419946d2311fd3698,
    type: 3}
  m_PrefabInstance: {fileID: 5907292704893939459}
  m_PrefabAsset: {fileID: 0}
--- !u!1001 &5907292704963981031
PrefabInstance:
  m_ObjectHideFlags: 0
  serializedVersion: 2
  m_Modification:
    m_TransformParent: {fileID: 5907292704878578178}
    m_Modifications:
    - target: {fileID: 400002, guid: 87911a15a9a62884b9363d7c6eafc1d6, type: 3}
      propertyPath: m_LocalPosition.x
      value: -1.8092403
      objectReference: {fileID: 0}
    - target: {fileID: 400002, guid: 87911a15a9a62884b9363d7c6eafc1d6, type: 3}
      propertyPath: m_LocalPosition.y
      value: -0
      objectReference: {fileID: 0}
    - target: {fileID: 400002, guid: 87911a15a9a62884b9363d7c6eafc1d6, type: 3}
      propertyPath: m_LocalPosition.z
      value: 0.49105072
      objectReference: {fileID: 0}
    - target: {fileID: 400002, guid: 87911a15a9a62884b9363d7c6eafc1d6, type: 3}
      propertyPath: m_LocalRotation.x
      value: 0
      objectReference: {fileID: 0}
    - target: {fileID: 400002, guid: 87911a15a9a62884b9363d7c6eafc1d6, type: 3}
      propertyPath: m_LocalRotation.y
      value: 0
      objectReference: {fileID: 0}
    - target: {fileID: 400002, guid: 87911a15a9a62884b9363d7c6eafc1d6, type: 3}
      propertyPath: m_LocalRotation.z
      value: -0.7071068
      objectReference: {fileID: 0}
    - target: {fileID: 400002, guid: 87911a15a9a62884b9363d7c6eafc1d6, type: 3}
      propertyPath: m_LocalRotation.w
      value: 0.7071068
      objectReference: {fileID: 0}
    - target: {fileID: 400002, guid: 87911a15a9a62884b9363d7c6eafc1d6, type: 3}
      propertyPath: m_RootOrder
      value: 1
      objectReference: {fileID: 0}
    m_RemovedComponents: []
  m_SourcePrefab: {fileID: 100100000, guid: 87911a15a9a62884b9363d7c6eafc1d6, type: 3}
--- !u!4 &5907292704964113509 stripped
Transform:
  m_CorrespondingSourceObject: {fileID: 400002, guid: 87911a15a9a62884b9363d7c6eafc1d6,
    type: 3}
  m_PrefabInstance: {fileID: 5907292704963981031}
  m_PrefabAsset: {fileID: 0}
--- !u!1001 &5907292704989851124
PrefabInstance:
  m_ObjectHideFlags: 0
  serializedVersion: 2
  m_Modification:
    m_TransformParent: {fileID: 5907292704586891510}
    m_Modifications:
    - target: {fileID: 400000, guid: 9175aee334bc54949838e0757d4a43f9, type: 3}
      propertyPath: m_LocalPosition.x
      value: 0
      objectReference: {fileID: 0}
    - target: {fileID: 400000, guid: 9175aee334bc54949838e0757d4a43f9, type: 3}
      propertyPath: m_LocalPosition.y
      value: 0
      objectReference: {fileID: 0}
    - target: {fileID: 400000, guid: 9175aee334bc54949838e0757d4a43f9, type: 3}
      propertyPath: m_LocalPosition.z
      value: 0
      objectReference: {fileID: 0}
    - target: {fileID: 400000, guid: 9175aee334bc54949838e0757d4a43f9, type: 3}
      propertyPath: m_LocalRotation.x
      value: 0
      objectReference: {fileID: 0}
    - target: {fileID: 400000, guid: 9175aee334bc54949838e0757d4a43f9, type: 3}
      propertyPath: m_LocalRotation.y
      value: 0
      objectReference: {fileID: 0}
    - target: {fileID: 400000, guid: 9175aee334bc54949838e0757d4a43f9, type: 3}
      propertyPath: m_LocalRotation.z
      value: 0
      objectReference: {fileID: 0}
    - target: {fileID: 400000, guid: 9175aee334bc54949838e0757d4a43f9, type: 3}
      propertyPath: m_LocalRotation.w
      value: 1
      objectReference: {fileID: 0}
    m_RemovedComponents: []
  m_SourcePrefab: {fileID: 100100000, guid: 9175aee334bc54949838e0757d4a43f9, type: 3}
--- !u!4 &5907292704989722484 stripped
Transform:
  m_CorrespondingSourceObject: {fileID: 400000, guid: 9175aee334bc54949838e0757d4a43f9,
    type: 3}
  m_PrefabInstance: {fileID: 5907292704989851124}
  m_PrefabAsset: {fileID: 0}
--- !u!1001 &5907292705087455827
PrefabInstance:
  m_ObjectHideFlags: 0
  serializedVersion: 2
  m_Modification:
    m_TransformParent: {fileID: 5907292704102003646}
    m_Modifications:
    - target: {fileID: 400000, guid: 576e2d7e698d71643ab7e183977fbf0e, type: 3}
      propertyPath: m_LocalPosition.x
      value: 0
      objectReference: {fileID: 0}
    - target: {fileID: 400000, guid: 576e2d7e698d71643ab7e183977fbf0e, type: 3}
      propertyPath: m_LocalPosition.y
      value: 0
      objectReference: {fileID: 0}
    - target: {fileID: 400000, guid: 576e2d7e698d71643ab7e183977fbf0e, type: 3}
      propertyPath: m_LocalPosition.z
      value: 0
      objectReference: {fileID: 0}
    - target: {fileID: 400000, guid: 576e2d7e698d71643ab7e183977fbf0e, type: 3}
      propertyPath: m_LocalRotation.x
      value: 0
      objectReference: {fileID: 0}
    - target: {fileID: 400000, guid: 576e2d7e698d71643ab7e183977fbf0e, type: 3}
      propertyPath: m_LocalRotation.y
      value: -0
      objectReference: {fileID: 0}
    - target: {fileID: 400000, guid: 576e2d7e698d71643ab7e183977fbf0e, type: 3}
      propertyPath: m_LocalRotation.z
      value: -0
      objectReference: {fileID: 0}
    - target: {fileID: 400000, guid: 576e2d7e698d71643ab7e183977fbf0e, type: 3}
      propertyPath: m_LocalRotation.w
      value: 1
      objectReference: {fileID: 0}
    m_RemovedComponents: []
  m_SourcePrefab: {fileID: 100100000, guid: 576e2d7e698d71643ab7e183977fbf0e, type: 3}
--- !u!4 &5907292705087068379 stripped
Transform:
  m_CorrespondingSourceObject: {fileID: 400008, guid: 576e2d7e698d71643ab7e183977fbf0e,
    type: 3}
  m_PrefabInstance: {fileID: 5907292705087455827}
  m_PrefabAsset: {fileID: 0}
--- !u!4 &5907292705087068373 stripped
Transform:
  m_CorrespondingSourceObject: {fileID: 400006, guid: 576e2d7e698d71643ab7e183977fbf0e,
    type: 3}
  m_PrefabInstance: {fileID: 5907292705087455827}
  m_PrefabAsset: {fileID: 0}
--- !u!4 &5907292705087068375 stripped
Transform:
  m_CorrespondingSourceObject: {fileID: 400004, guid: 576e2d7e698d71643ab7e183977fbf0e,
    type: 3}
  m_PrefabInstance: {fileID: 5907292705087455827}
  m_PrefabAsset: {fileID: 0}
--- !u!4 &5907292705087068371 stripped
Transform:
  m_CorrespondingSourceObject: {fileID: 400000, guid: 576e2d7e698d71643ab7e183977fbf0e,
    type: 3}
  m_PrefabInstance: {fileID: 5907292705087455827}
  m_PrefabAsset: {fileID: 0}
--- !u!1001 &5907292705101454357
PrefabInstance:
  m_ObjectHideFlags: 0
  serializedVersion: 2
  m_Modification:
    m_TransformParent: {fileID: 5907292704260105081}
    m_Modifications:
    - target: {fileID: 400000, guid: 9175aee334bc54949838e0757d4a43f9, type: 3}
      propertyPath: m_LocalPosition.x
      value: 0
      objectReference: {fileID: 0}
    - target: {fileID: 400000, guid: 9175aee334bc54949838e0757d4a43f9, type: 3}
      propertyPath: m_LocalPosition.y
      value: 0
      objectReference: {fileID: 0}
    - target: {fileID: 400000, guid: 9175aee334bc54949838e0757d4a43f9, type: 3}
      propertyPath: m_LocalPosition.z
      value: 0
      objectReference: {fileID: 0}
    - target: {fileID: 400000, guid: 9175aee334bc54949838e0757d4a43f9, type: 3}
      propertyPath: m_LocalRotation.x
      value: 0
      objectReference: {fileID: 0}
    - target: {fileID: 400000, guid: 9175aee334bc54949838e0757d4a43f9, type: 3}
      propertyPath: m_LocalRotation.y
      value: 0
      objectReference: {fileID: 0}
    - target: {fileID: 400000, guid: 9175aee334bc54949838e0757d4a43f9, type: 3}
      propertyPath: m_LocalRotation.z
      value: 0
      objectReference: {fileID: 0}
    - target: {fileID: 400000, guid: 9175aee334bc54949838e0757d4a43f9, type: 3}
      propertyPath: m_LocalRotation.w
      value: 1
      objectReference: {fileID: 0}
    m_RemovedComponents: []
  m_SourcePrefab: {fileID: 100100000, guid: 9175aee334bc54949838e0757d4a43f9, type: 3}
--- !u!4 &5907292705101317781 stripped
Transform:
  m_CorrespondingSourceObject: {fileID: 400000, guid: 9175aee334bc54949838e0757d4a43f9,
    type: 3}
  m_PrefabInstance: {fileID: 5907292705101454357}
  m_PrefabAsset: {fileID: 0}
--- !u!1001 &5907292705700862690
PrefabInstance:
  m_ObjectHideFlags: 0
  serializedVersion: 2
  m_Modification:
    m_TransformParent: {fileID: 5907292705087068379}
    m_Modifications:
    - target: {fileID: 400002, guid: 4038347b57ccf0e459836a2eeb30d94c, type: 3}
      propertyPath: m_LocalPosition.x
      value: 0
      objectReference: {fileID: 0}
    - target: {fileID: 400002, guid: 4038347b57ccf0e459836a2eeb30d94c, type: 3}
      propertyPath: m_LocalPosition.y
      value: 0
      objectReference: {fileID: 0}
    - target: {fileID: 400002, guid: 4038347b57ccf0e459836a2eeb30d94c, type: 3}
      propertyPath: m_LocalPosition.z
      value: 0
      objectReference: {fileID: 0}
    - target: {fileID: 400002, guid: 4038347b57ccf0e459836a2eeb30d94c, type: 3}
      propertyPath: m_LocalRotation.x
      value: 0
      objectReference: {fileID: 0}
    - target: {fileID: 400002, guid: 4038347b57ccf0e459836a2eeb30d94c, type: 3}
      propertyPath: m_LocalRotation.y
      value: -0
      objectReference: {fileID: 0}
    - target: {fileID: 400002, guid: 4038347b57ccf0e459836a2eeb30d94c, type: 3}
      propertyPath: m_LocalRotation.z
      value: 0
      objectReference: {fileID: 0}
    - target: {fileID: 400002, guid: 4038347b57ccf0e459836a2eeb30d94c, type: 3}
      propertyPath: m_LocalRotation.w
      value: 1
      objectReference: {fileID: 0}
    m_RemovedComponents: []
  m_SourcePrefab: {fileID: 100100000, guid: 4038347b57ccf0e459836a2eeb30d94c, type: 3}
--- !u!1001 &5907292705703297045
PrefabInstance:
  m_ObjectHideFlags: 0
  serializedVersion: 2
  m_Modification:
    m_TransformParent: {fileID: 5907292704918636562}
    m_Modifications:
    - target: {fileID: 400002, guid: 68776b7fc0dd25e4eab6854ecfd73da4, type: 3}
      propertyPath: m_LocalPosition.x
      value: -0
      objectReference: {fileID: 0}
    - target: {fileID: 400002, guid: 68776b7fc0dd25e4eab6854ecfd73da4, type: 3}
      propertyPath: m_LocalPosition.y
      value: 0
      objectReference: {fileID: 0}
    - target: {fileID: 400002, guid: 68776b7fc0dd25e4eab6854ecfd73da4, type: 3}
      propertyPath: m_LocalPosition.z
      value: 0
      objectReference: {fileID: 0}
    - target: {fileID: 400002, guid: 68776b7fc0dd25e4eab6854ecfd73da4, type: 3}
      propertyPath: m_LocalRotation.x
      value: 0
      objectReference: {fileID: 0}
    - target: {fileID: 400002, guid: 68776b7fc0dd25e4eab6854ecfd73da4, type: 3}
      propertyPath: m_LocalRotation.y
      value: -0
      objectReference: {fileID: 0}
    - target: {fileID: 400002, guid: 68776b7fc0dd25e4eab6854ecfd73da4, type: 3}
      propertyPath: m_LocalRotation.z
      value: -0
      objectReference: {fileID: 0}
    - target: {fileID: 400002, guid: 68776b7fc0dd25e4eab6854ecfd73da4, type: 3}
      propertyPath: m_LocalRotation.w
      value: 1
      objectReference: {fileID: 0}
    - target: {fileID: 400002, guid: 68776b7fc0dd25e4eab6854ecfd73da4, type: 3}
      propertyPath: m_LocalScale.x
      value: 0.77431345
      objectReference: {fileID: 0}
    - target: {fileID: 400002, guid: 68776b7fc0dd25e4eab6854ecfd73da4, type: 3}
      propertyPath: m_LocalScale.y
      value: 0.8717158
      objectReference: {fileID: 0}
    - target: {fileID: 400002, guid: 68776b7fc0dd25e4eab6854ecfd73da4, type: 3}
      propertyPath: m_LocalScale.z
      value: 0.8717158
      objectReference: {fileID: 0}
    m_RemovedComponents: []
  m_SourcePrefab: {fileID: 100100000, guid: 68776b7fc0dd25e4eab6854ecfd73da4, type: 3}
--- !u!4 &5907292705703434903 stripped
Transform:
  m_CorrespondingSourceObject: {fileID: 400002, guid: 68776b7fc0dd25e4eab6854ecfd73da4,
    type: 3}
  m_PrefabInstance: {fileID: 5907292705703297045}
  m_PrefabAsset: {fileID: 0}
--- !u!1001 &5907292705761196133
PrefabInstance:
  m_ObjectHideFlags: 0
  serializedVersion: 2
  m_Modification:
    m_TransformParent: {fileID: 5907292705087068373}
    m_Modifications:
    - target: {fileID: 400002, guid: 4038347b57ccf0e459836a2eeb30d94c, type: 3}
      propertyPath: m_LocalPosition.x
      value: 0
      objectReference: {fileID: 0}
    - target: {fileID: 400002, guid: 4038347b57ccf0e459836a2eeb30d94c, type: 3}
      propertyPath: m_LocalPosition.y
      value: 0
      objectReference: {fileID: 0}
    - target: {fileID: 400002, guid: 4038347b57ccf0e459836a2eeb30d94c, type: 3}
      propertyPath: m_LocalPosition.z
      value: 0
      objectReference: {fileID: 0}
    - target: {fileID: 400002, guid: 4038347b57ccf0e459836a2eeb30d94c, type: 3}
      propertyPath: m_LocalRotation.x
      value: 0
      objectReference: {fileID: 0}
    - target: {fileID: 400002, guid: 4038347b57ccf0e459836a2eeb30d94c, type: 3}
      propertyPath: m_LocalRotation.y
      value: -0
      objectReference: {fileID: 0}
    - target: {fileID: 400002, guid: 4038347b57ccf0e459836a2eeb30d94c, type: 3}
      propertyPath: m_LocalRotation.z
      value: 0
      objectReference: {fileID: 0}
    - target: {fileID: 400002, guid: 4038347b57ccf0e459836a2eeb30d94c, type: 3}
      propertyPath: m_LocalRotation.w
      value: 1
      objectReference: {fileID: 0}
    m_RemovedComponents: []
  m_SourcePrefab: {fileID: 100100000, guid: 4038347b57ccf0e459836a2eeb30d94c, type: 3}
--- !u!1001 &5907292705833941419
PrefabInstance:
  m_ObjectHideFlags: 0
  serializedVersion: 2
  m_Modification:
    m_TransformParent: {fileID: 5907292705087068375}
    m_Modifications:
    - target: {fileID: 400002, guid: f1c79d94a18de1e4c829a4029812ddc0, type: 3}
      propertyPath: m_LocalPosition.x
      value: 0
      objectReference: {fileID: 0}
    - target: {fileID: 400002, guid: f1c79d94a18de1e4c829a4029812ddc0, type: 3}
      propertyPath: m_LocalPosition.y
      value: 0
      objectReference: {fileID: 0}
    - target: {fileID: 400002, guid: f1c79d94a18de1e4c829a4029812ddc0, type: 3}
      propertyPath: m_LocalPosition.z
      value: 0
      objectReference: {fileID: 0}
    - target: {fileID: 400002, guid: f1c79d94a18de1e4c829a4029812ddc0, type: 3}
      propertyPath: m_LocalRotation.x
      value: 0
      objectReference: {fileID: 0}
    - target: {fileID: 400002, guid: f1c79d94a18de1e4c829a4029812ddc0, type: 3}
      propertyPath: m_LocalRotation.y
      value: -0
      objectReference: {fileID: 0}
    - target: {fileID: 400002, guid: f1c79d94a18de1e4c829a4029812ddc0, type: 3}
      propertyPath: m_LocalRotation.z
      value: 0
      objectReference: {fileID: 0}
    - target: {fileID: 400002, guid: f1c79d94a18de1e4c829a4029812ddc0, type: 3}
      propertyPath: m_LocalRotation.w
      value: 1
      objectReference: {fileID: 0}
    - target: {fileID: 400002, guid: f1c79d94a18de1e4c829a4029812ddc0, type: 3}
      propertyPath: m_RootOrder
      value: 1
      objectReference: {fileID: 0}
    m_RemovedComponents: []
  m_SourcePrefab: {fileID: 100100000, guid: f1c79d94a18de1e4c829a4029812ddc0, type: 3}
