%YAML 1.1
%TAG !u! tag:unity3d.com,2011:
--- !u!1 &5338166769402489715
GameObject:
  m_ObjectHideFlags: 0
  m_CorrespondingSourceObject: {fileID: 0}
  m_PrefabInstance: {fileID: 0}
  m_PrefabAsset: {fileID: 0}
  serializedVersion: 6
  m_Component:
  - component: {fileID: 5338166769402489710}
  - component: {fileID: 5338166769402489711}
  - component: {fileID: 5338166769402489708}
  - component: {fileID: 5338166769402489709}
  - component: {fileID: 5338166769402489714}
  m_Layer: 0
  m_Name: LaserMaker_HeavenRoad
  m_TagString: Untagged
  m_Icon: {fileID: 0}
  m_NavMeshLayer: 0
  m_StaticEditorFlags: 0
  m_IsActive: 1
--- !u!4 &5338166769402489710
Transform:
  m_ObjectHideFlags: 0
  m_CorrespondingSourceObject: {fileID: 0}
  m_PrefabInstance: {fileID: 0}
  m_PrefabAsset: {fileID: 0}
  m_GameObject: {fileID: 5338166769402489715}
  m_LocalRotation: {x: -0, y: 0.70710707, z: -0, w: 0.7071066}
  m_LocalPosition: {x: 14.443346, y: 3.9738038, z: 39.969734}
  m_LocalScale: {x: 0.20000006, y: 0.2, z: 0.20000006}
  m_Children: []
  m_Father: {fileID: 0}
  m_RootOrder: 0
  m_LocalEulerAnglesHint: {x: 0, y: 0, z: 0}
--- !u!33 &5338166769402489711
MeshFilter:
  m_ObjectHideFlags: 0
  m_CorrespondingSourceObject: {fileID: 0}
  m_PrefabInstance: {fileID: 0}
  m_PrefabAsset: {fileID: 0}
  m_GameObject: {fileID: 5338166769402489715}
  m_Mesh: {fileID: 10207, guid: 0000000000000000e000000000000000, type: 0}
--- !u!23 &5338166769402489708
MeshRenderer:
  m_ObjectHideFlags: 0
  m_CorrespondingSourceObject: {fileID: 0}
  m_PrefabInstance: {fileID: 0}
  m_PrefabAsset: {fileID: 0}
  m_GameObject: {fileID: 5338166769402489715}
  m_Enabled: 0
  m_CastShadows: 1
  m_ReceiveShadows: 1
  m_DynamicOccludee: 1
  m_MotionVectors: 1
  m_LightProbeUsage: 1
  m_ReflectionProbeUsage: 1
  m_RenderingLayerMask: 1
  m_RendererPriority: 0
  m_Materials:
  - {fileID: 10303, guid: 0000000000000000f000000000000000, type: 0}
  m_StaticBatchInfo:
    firstSubMesh: 0
    subMeshCount: 0
  m_StaticBatchRoot: {fileID: 0}
  m_ProbeAnchor: {fileID: 0}
  m_LightProbeVolumeOverride: {fileID: 0}
  m_ScaleInLightmap: 1
  m_PreserveUVs: 0
  m_IgnoreNormalsForChartDetection: 0
  m_ImportantGI: 0
  m_StitchLightmapSeams: 0
  m_SelectedEditorRenderState: 3
  m_MinimumChartSize: 4
  m_AutoUVMaxDistance: 0.5
  m_AutoUVMaxAngle: 89
  m_LightmapParameters: {fileID: 0}
  m_SortingLayerID: 0
  m_SortingLayer: 0
  m_SortingOrder: 0
--- !u!135 &5338166769402489709
SphereCollider:
  m_ObjectHideFlags: 0
  m_CorrespondingSourceObject: {fileID: 0}
  m_PrefabInstance: {fileID: 0}
  m_PrefabAsset: {fileID: 0}
  m_GameObject: {fileID: 5338166769402489715}
  m_Material: {fileID: 0}
  m_IsTrigger: 0
  m_Enabled: 0
  serializedVersion: 2
  m_Radius: 0.5
  m_Center: {x: 0, y: 0, z: 0}
--- !u!114 &5338166769402489714
MonoBehaviour:
  m_ObjectHideFlags: 0
  m_CorrespondingSourceObject: {fileID: 0}
  m_PrefabInstance: {fileID: 0}
  m_PrefabAsset: {fileID: 0}
  m_GameObject: {fileID: 5338166769402489715}
  m_Enabled: 1
  m_EditorHideFlags: 0
  m_Script: {fileID: 11500000, guid: 81a551fca740ca24ab8a30978ca67809, type: 3}
  m_Name: 
  m_EditorClassIdentifier: 
  data: {fileID: 0}
  laserPool: {fileID: 0}
  fightSystem: {fileID: 0}
  f_howManyTimeToMakeLaser: 2
  f_laserMakeTimer: 0
  laserWillShootPlaceCirclePool: {fileID: 0}
  go_laserMakerCenter: {fileID: 0}
  v_laserWillShootPosition: {x: 0, y: 0, z: 0}
  v_laserMakedPosition: {x: 0, y: 0, z: 0}
  f_rangeOfLaserRandomMake: 1
  i_howManyLaserWillShootInOneWave: 10
  v_howManyLaserRandomMakePosition: []
  v_howManyLaserRandomMakePositionInSky: []
  f_timerInSameWave: 0
  f_howManyTimeMakeALaserInSameWave: 0.2
  i_IndexOfVector: 0
  controller: {fileID: 0}
  f_laserMakerStartFollowPlayerDistance: 30
  b_laserMakerShutDown: 1
  b_ForLastBoss: 0
  b_ForHeavenRoad: 1
  f_distanceToLastBossToShuntDown: 50
