%YAML 1.1
%TAG !u! tag:unity3d.com,2011:
--- !u!1 &746053240902109859
GameObject:
  m_ObjectHideFlags: 0
  m_CorrespondingSourceObject: {fileID: 0}
  m_PrefabInstance: {fileID: 0}
  m_PrefabAsset: {fileID: 0}
  serializedVersion: 6
  m_Component:
  - component: {fileID: 746053240902109858}
  m_Layer: 0
  m_Name: Emitter
  m_TagString: LaserEmitter
  m_Icon: {fileID: 0}
  m_NavMeshLayer: 0
  m_StaticEditorFlags: 0
  m_IsActive: 1
--- !u!4 &746053240902109858
Transform:
  m_ObjectHideFlags: 0
  m_CorrespondingSourceObject: {fileID: 0}
  m_PrefabInstance: {fileID: 0}
  m_PrefabAsset: {fileID: 0}
  m_GameObject: {fileID: 746053240902109859}
  m_LocalRotation: {x: -0, y: -0, z: -0, w: 1}
  m_LocalPosition: {x: 0.69, y: 0.778, z: 1.586}
  m_LocalScale: {x: 1, y: 1, z: 1}
  m_Children: []
  m_Father: {fileID: 2795282587261209818}
  m_RootOrder: 6
  m_LocalEulerAnglesHint: {x: 0, y: 0, z: 0}
--- !u!1 &2795282586616001697
GameObject:
  m_ObjectHideFlags: 0
  m_CorrespondingSourceObject: {fileID: 0}
  m_PrefabInstance: {fileID: 0}
  m_PrefabAsset: {fileID: 0}
  serializedVersion: 6
  m_Component:
  - component: {fileID: 2795282586615900403}
  m_Layer: 0
  m_Name: RL_Foot
  m_TagString: Untagged
  m_Icon: {fileID: 0}
  m_NavMeshLayer: 0
  m_StaticEditorFlags: 0
  m_IsActive: 1
--- !u!4 &2795282586615900403
Transform:
  m_ObjectHideFlags: 0
  m_CorrespondingSourceObject: {fileID: 0}
  m_PrefabInstance: {fileID: 0}
  m_PrefabAsset: {fileID: 0}
  m_GameObject: {fileID: 2795282586616001697}
  m_LocalRotation: {x: 0.44653842, y: -0.5482732, z: 0.44653842, w: 0.5482732}
  m_LocalPosition: {x: 0.14438424, y: 0.07911989, z: 8.3471313e-10}
  m_LocalScale: {x: 1, y: 1, z: 1}
  m_Children: []
  m_Father: {fileID: 2795282586615900405}
  m_RootOrder: 0
  m_LocalEulerAnglesHint: {x: 0, y: 0, z: 0}
--- !u!1 &2795282586616001699
GameObject:
  m_ObjectHideFlags: 0
  m_CorrespondingSourceObject: {fileID: 0}
  m_PrefabInstance: {fileID: 0}
  m_PrefabAsset: {fileID: 0}
  serializedVersion: 6
  m_Component:
  - component: {fileID: 2795282586615900405}
  m_Layer: 0
  m_Name: RL_Lower_Leg_End
  m_TagString: Untagged
  m_Icon: {fileID: 0}
  m_NavMeshLayer: 0
  m_StaticEditorFlags: 0
  m_IsActive: 1
--- !u!4 &2795282586615900405
Transform:
  m_ObjectHideFlags: 0
  m_CorrespondingSourceObject: {fileID: 0}
  m_PrefabInstance: {fileID: 0}
  m_PrefabAsset: {fileID: 0}
  m_GameObject: {fileID: 2795282586616001699}
  m_LocalRotation: {x: 0.10173483, y: 0.9948116, z: -2.1928052e-14, w: -7.200635e-17}
  m_LocalPosition: {x: -1.5113238, y: -2.980214e-16, z: 1.240685e-16}
  m_LocalScale: {x: 1, y: 1, z: 1}
  m_Children:
  - {fileID: 2795282586615900403}
  m_Father: {fileID: 2795282586615900407}
  m_RootOrder: 0
  m_LocalEulerAnglesHint: {x: 0, y: 0, z: 0}
--- !u!1 &2795282586616001701
GameObject:
  m_ObjectHideFlags: 0
  m_CorrespondingSourceObject: {fileID: 0}
  m_PrefabInstance: {fileID: 0}
  m_PrefabAsset: {fileID: 0}
  serializedVersion: 6
  m_Component:
  - component: {fileID: 2795282586615900407}
  - component: {fileID: 2600674056160577089}
  m_Layer: 0
  m_Name: RL_Lower_Leg
  m_TagString: Untagged
  m_Icon: {fileID: 0}
  m_NavMeshLayer: 0
  m_StaticEditorFlags: 0
  m_IsActive: 1
--- !u!4 &2795282586615900407
Transform:
  m_ObjectHideFlags: 0
  m_CorrespondingSourceObject: {fileID: 0}
  m_PrefabInstance: {fileID: 0}
  m_PrefabAsset: {fileID: 0}
  m_GameObject: {fileID: 2795282586616001701}
  m_LocalRotation: {x: -1.1185512e-17, y: 7.904961e-17, z: 0.7772237, w: 0.6292244}
  m_LocalPosition: {x: -0.62567085, y: -0.0021534455, z: 2.8409715e-16}
  m_LocalScale: {x: 1, y: 1, z: 1}
  m_Children:
  - {fileID: 2795282586615900405}
  m_Father: {fileID: 2795282586615900393}
  m_RootOrder: 0
  m_LocalEulerAnglesHint: {x: 0, y: 0, z: 0}
--- !u!65 &2600674056160577089
BoxCollider:
  m_ObjectHideFlags: 0
  m_CorrespondingSourceObject: {fileID: 0}
  m_PrefabInstance: {fileID: 0}
  m_PrefabAsset: {fileID: 0}
  m_GameObject: {fileID: 2795282586616001701}
  m_Material: {fileID: 0}
  m_IsTrigger: 0
  m_Enabled: 0
  serializedVersion: 2
  m_Size: {x: 1.5371491, y: 0.9828607, z: 1.0197625}
  m_Center: {x: -0.26857385, y: 0.008570322, z: 0.2087482}
--- !u!1 &2795282586616001703
GameObject:
  m_ObjectHideFlags: 0
  m_CorrespondingSourceObject: {fileID: 0}
  m_PrefabInstance: {fileID: 0}
  m_PrefabAsset: {fileID: 0}
  serializedVersion: 6
  m_Component:
  - component: {fileID: 2795282586615900393}
  m_Layer: 0
  m_Name: RL_Mid_Leg
  m_TagString: Untagged
  m_Icon: {fileID: 0}
  m_NavMeshLayer: 0
  m_StaticEditorFlags: 0
  m_IsActive: 1
--- !u!4 &2795282586615900393
Transform:
  m_ObjectHideFlags: 0
  m_CorrespondingSourceObject: {fileID: 0}
  m_PrefabInstance: {fileID: 0}
  m_PrefabAsset: {fileID: 0}
  m_GameObject: {fileID: 2795282586616001703}
  m_LocalRotation: {x: 0.090959474, y: -0.7012321, z: -0.090959474, w: 0.7012321}
  m_LocalPosition: {x: 2.8511298e-16, y: -0.46872836, z: -0.17301787}
  m_LocalScale: {x: 1, y: 1, z: 1}
  m_Children:
  - {fileID: 2795282586615900407}
  m_Father: {fileID: 2795282586615900395}
  m_RootOrder: 0
  m_LocalEulerAnglesHint: {x: 0, y: 0, z: 0}
--- !u!1 &2795282586616001705
GameObject:
  m_ObjectHideFlags: 0
  m_CorrespondingSourceObject: {fileID: 0}
  m_PrefabInstance: {fileID: 0}
  m_PrefabAsset: {fileID: 0}
  serializedVersion: 6
  m_Component:
  - component: {fileID: 2795282586615900375}
  m_Layer: 0
  m_Name: RR_Lower_Leg_End
  m_TagString: Untagged
  m_Icon: {fileID: 0}
  m_NavMeshLayer: 0
  m_StaticEditorFlags: 0
  m_IsActive: 1
--- !u!4 &2795282586615900375
Transform:
  m_ObjectHideFlags: 0
  m_CorrespondingSourceObject: {fileID: 0}
  m_PrefabInstance: {fileID: 0}
  m_PrefabAsset: {fileID: 0}
  m_GameObject: {fileID: 2795282586616001705}
  m_LocalRotation: {x: 0.10173483, y: 0.9948116, z: -2.1265375e-14, w: -4.237333e-18}
  m_LocalPosition: {x: 1.5113276, y: 0.00000010320206, z: 0}
  m_LocalScale: {x: 1, y: 1, z: 1}
  m_Children:
  - {fileID: 2795282586615900373}
  m_Father: {fileID: 2795282586615900361}
  m_RootOrder: 0
  m_LocalEulerAnglesHint: {x: 0, y: 0, z: 0}
--- !u!1 &2795282586616001707
GameObject:
  m_ObjectHideFlags: 0
  m_CorrespondingSourceObject: {fileID: 0}
  m_PrefabInstance: {fileID: 0}
  m_PrefabAsset: {fileID: 0}
  serializedVersion: 6
  m_Component:
  - component: {fileID: 2795282586615900361}
  - component: {fileID: 8386087525005908433}
  m_Layer: 0
  m_Name: RR_Lower_Leg
  m_TagString: Untagged
  m_Icon: {fileID: 0}
  m_NavMeshLayer: 0
  m_StaticEditorFlags: 0
  m_IsActive: 1
--- !u!4 &2795282586615900361
Transform:
  m_ObjectHideFlags: 0
  m_CorrespondingSourceObject: {fileID: 0}
  m_PrefabInstance: {fileID: 0}
  m_PrefabAsset: {fileID: 0}
  m_GameObject: {fileID: 2795282586616001707}
  m_LocalRotation: {x: -3.79491e-18, y: 2.6818946e-17, z: 0.77722293, w: 0.6292253}
  m_LocalPosition: {x: 0.62567127, y: 0.0021539968, z: 0}
  m_LocalScale: {x: 1, y: 1, z: 1}
  m_Children:
  - {fileID: 2795282586615900375}
  m_Father: {fileID: 2795282586615900363}
  m_RootOrder: 0
  m_LocalEulerAnglesHint: {x: 0, y: 0, z: 0}
--- !u!65 &8386087525005908433
BoxCollider:
  m_ObjectHideFlags: 0
  m_CorrespondingSourceObject: {fileID: 0}
  m_PrefabInstance: {fileID: 0}
  m_PrefabAsset: {fileID: 0}
  m_GameObject: {fileID: 2795282586616001707}
  m_Material: {fileID: 0}
  m_IsTrigger: 0
  m_Enabled: 0
  serializedVersion: 2
  m_Size: {x: 1.4524714, y: 1.0706385, z: 1.070218}
  m_Center: {x: 0.22623536, y: -0.19532165, z: -0.25983012}
--- !u!1 &2795282586616001709
GameObject:
  m_ObjectHideFlags: 0
  m_CorrespondingSourceObject: {fileID: 0}
  m_PrefabInstance: {fileID: 0}
  m_PrefabAsset: {fileID: 0}
  serializedVersion: 6
  m_Component:
  - component: {fileID: 2795282586615900363}
  m_Layer: 0
  m_Name: RR_Mid_Leg
  m_TagString: Untagged
  m_Icon: {fileID: 0}
  m_NavMeshLayer: 0
  m_StaticEditorFlags: 0
  m_IsActive: 1
--- !u!4 &2795282586615900363
Transform:
  m_ObjectHideFlags: 0
  m_CorrespondingSourceObject: {fileID: 0}
  m_PrefabInstance: {fileID: 0}
  m_PrefabAsset: {fileID: 0}
  m_GameObject: {fileID: 2795282586616001709}
  m_LocalRotation: {x: 0.09095909, y: -0.70123214, z: -0.09095909, w: 0.70123214}
  m_LocalPosition: {x: -1.4210854e-16, y: 0.46872002, z: 0.17301795}
  m_LocalScale: {x: 1, y: 1, z: 1}
  m_Children:
  - {fileID: 2795282586615900361}
  m_Father: {fileID: 2795282586615900365}
  m_RootOrder: 0
  m_LocalEulerAnglesHint: {x: 0, y: 0, z: 0}
--- !u!1 &2795282586616001711
GameObject:
  m_ObjectHideFlags: 0
  m_CorrespondingSourceObject: {fileID: 0}
  m_PrefabInstance: {fileID: 0}
  m_PrefabAsset: {fileID: 0}
  serializedVersion: 6
  m_Component:
  - component: {fileID: 2795282586615900365}
  m_Layer: 0
  m_Name: RR_Upper_Leg
  m_TagString: Untagged
  m_Icon: {fileID: 0}
  m_NavMeshLayer: 0
  m_StaticEditorFlags: 0
  m_IsActive: 1
--- !u!4 &2795282586615900365
Transform:
  m_ObjectHideFlags: 0
  m_CorrespondingSourceObject: {fileID: 0}
  m_PrefabInstance: {fileID: 0}
  m_PrefabAsset: {fileID: 0}
  m_GameObject: {fileID: 2795282586616001711}
  m_LocalRotation: {x: 0.9373704, y: 0.06261856, z: 0.2399477, w: -0.24462378}
  m_LocalPosition: {x: 0.727328, y: -0.036539998, z: -0.634498}
  m_LocalScale: {x: 1, y: 1, z: 1}
  m_Children:
  - {fileID: 2795282586615900363}
  m_Father: {fileID: 2795282586615900385}
  m_RootOrder: 4
  m_LocalEulerAnglesHint: {x: 0, y: 0, z: 0}
--- !u!1 &2795282586616001713
GameObject:
  m_ObjectHideFlags: 0
  m_CorrespondingSourceObject: {fileID: 0}
  m_PrefabInstance: {fileID: 0}
  m_PrefabAsset: {fileID: 0}
  serializedVersion: 6
  m_Component:
  - component: {fileID: 2795282586615900369}
  - component: {fileID: 2795282586617194695}
  - component: {fileID: 2795282586618194439}
  m_Layer: 0
  m_Name: Legs_Top_Cap_Lt_Geom
  m_TagString: Untagged
  m_Icon: {fileID: 0}
  m_NavMeshLayer: 0
  m_StaticEditorFlags: 0
  m_IsActive: 1
--- !u!4 &2795282586615900369
Transform:
  m_ObjectHideFlags: 0
  m_CorrespondingSourceObject: {fileID: 0}
  m_PrefabInstance: {fileID: 0}
  m_PrefabAsset: {fileID: 0}
  m_GameObject: {fileID: 2795282586616001713}
  m_LocalRotation: {x: 0, y: -0, z: -0, w: 1}
  m_LocalPosition: {x: -0, y: 0, z: 0}
  m_LocalScale: {x: 1, y: 1, z: 1}
  m_Children: []
  m_Father: {fileID: 2795282586615900383}
  m_RootOrder: 0
  m_LocalEulerAnglesHint: {x: 0, y: 0, z: 0}
--- !u!33 &2795282586617194695
MeshFilter:
  m_ObjectHideFlags: 0
  m_CorrespondingSourceObject: {fileID: 0}
  m_PrefabInstance: {fileID: 0}
  m_PrefabAsset: {fileID: 0}
  m_GameObject: {fileID: 2795282586616001713}
  m_Mesh: {fileID: 4300004, guid: 619e57828f65e424ea06ce2df0689529, type: 3}
--- !u!23 &2795282586618194439
MeshRenderer:
  m_ObjectHideFlags: 0
  m_CorrespondingSourceObject: {fileID: 0}
  m_PrefabInstance: {fileID: 0}
  m_PrefabAsset: {fileID: 0}
  m_GameObject: {fileID: 2795282586616001713}
  m_Enabled: 1
  m_CastShadows: 1
  m_ReceiveShadows: 1
  m_DynamicOccludee: 1
  m_MotionVectors: 1
  m_LightProbeUsage: 0
  m_ReflectionProbeUsage: 1
  m_RenderingLayerMask: 1
  m_RendererPriority: 0
  m_Materials:
  - {fileID: 2100000, guid: 8b80dc1528f0e484caffd647f123bdd6, type: 2}
  m_StaticBatchInfo:
    firstSubMesh: 0
    subMeshCount: 0
  m_StaticBatchRoot: {fileID: 0}
  m_ProbeAnchor: {fileID: 0}
  m_LightProbeVolumeOverride: {fileID: 0}
  m_ScaleInLightmap: 1
  m_PreserveUVs: 0
  m_IgnoreNormalsForChartDetection: 0
  m_ImportantGI: 0
  m_StitchLightmapSeams: 0
  m_SelectedEditorRenderState: 3
  m_MinimumChartSize: 4
  m_AutoUVMaxDistance: 0.5
  m_AutoUVMaxAngle: 89
  m_LightmapParameters: {fileID: 0}
  m_SortingLayerID: 0
  m_SortingLayer: 0
  m_SortingOrder: 0
--- !u!1 &2795282586616001715
GameObject:
  m_ObjectHideFlags: 0
  m_CorrespondingSourceObject: {fileID: 0}
  m_PrefabInstance: {fileID: 0}
  m_PrefabAsset: {fileID: 0}
  serializedVersion: 6
  m_Component:
  - component: {fileID: 2795282586615900371}
  m_Layer: 0
  m_Name: Mount_Top
  m_TagString: Untagged
  m_Icon: {fileID: 0}
  m_NavMeshLayer: 0
  m_StaticEditorFlags: 0
  m_IsActive: 1
--- !u!4 &2795282586615900371
Transform:
  m_ObjectHideFlags: 0
  m_CorrespondingSourceObject: {fileID: 0}
  m_PrefabInstance: {fileID: 0}
  m_PrefabAsset: {fileID: 0}
  m_GameObject: {fileID: 2795282586616001715}
  m_LocalRotation: {x: 0, y: -0, z: -0, w: 1}
  m_LocalPosition: {x: 3.1554436e-32, y: -0.0734, z: 0}
  m_LocalScale: {x: 1, y: 1, z: 1}
  m_Children:
  - {fileID: 2795282586615900383}
  - {fileID: 2795282587261209818}
  m_Father: {fileID: 2795282586615900399}
  m_RootOrder: 0
  m_LocalEulerAnglesHint: {x: 0, y: 0, z: 0}
--- !u!1 &2795282586616001717
GameObject:
  m_ObjectHideFlags: 0
  m_CorrespondingSourceObject: {fileID: 0}
  m_PrefabInstance: {fileID: 0}
  m_PrefabAsset: {fileID: 0}
  serializedVersion: 6
  m_Component:
  - component: {fileID: 2795282586615900399}
  m_Layer: 0
  m_Name: Top
  m_TagString: Untagged
  m_Icon: {fileID: 0}
  m_NavMeshLayer: 0
  m_StaticEditorFlags: 0
  m_IsActive: 1
--- !u!4 &2795282586615900399
Transform:
  m_ObjectHideFlags: 0
  m_CorrespondingSourceObject: {fileID: 0}
  m_PrefabInstance: {fileID: 0}
  m_PrefabAsset: {fileID: 0}
  m_GameObject: {fileID: 2795282586616001717}
  m_LocalRotation: {x: 0, y: -0, z: -0, w: 1}
  m_LocalPosition: {x: -0, y: 0.75, z: 0}
  m_LocalScale: {x: 1, y: 1, z: 1}
  m_Children:
  - {fileID: 2795282586615900371}
  m_Father: {fileID: 2795282586615900385}
  m_RootOrder: 5
  m_LocalEulerAnglesHint: {x: 0, y: 0, z: 0}
--- !u!1 &2795282586616001719
GameObject:
  m_ObjectHideFlags: 0
  m_CorrespondingSourceObject: {fileID: 0}
  m_PrefabInstance: {fileID: 0}
  m_PrefabAsset: {fileID: 0}
  serializedVersion: 6
  m_Component:
  - component: {fileID: 2795282586615900373}
  m_Layer: 0
  m_Name: RR_Foot
  m_TagString: Untagged
  m_Icon: {fileID: 0}
  m_NavMeshLayer: 0
  m_StaticEditorFlags: 0
  m_IsActive: 1
--- !u!4 &2795282586615900373
Transform:
  m_ObjectHideFlags: 0
  m_CorrespondingSourceObject: {fileID: 0}
  m_PrefabInstance: {fileID: 0}
  m_PrefabAsset: {fileID: 0}
  m_GameObject: {fileID: 2795282586616001719}
  m_LocalRotation: {x: 0.44653836, y: -0.5482732, z: 0.44653836, w: 0.5482732}
  m_LocalPosition: {x: -0.14438474, y: -0.079122305, z: 0.0000000051849613}
  m_LocalScale: {x: 1, y: 1, z: 1}
  m_Children: []
  m_Father: {fileID: 2795282586615900375}
  m_RootOrder: 0
  m_LocalEulerAnglesHint: {x: 0, y: 0, z: 0}
--- !u!1 &2795282586616001727
GameObject:
  m_ObjectHideFlags: 0
  m_CorrespondingSourceObject: {fileID: 0}
  m_PrefabInstance: {fileID: 0}
  m_PrefabAsset: {fileID: 0}
  serializedVersion: 6
  m_Component:
  - component: {fileID: 2795282586615900383}
  m_Layer: 0
  m_Name: Legs_Top_Cap_Lt
  m_TagString: Untagged
  m_Icon: {fileID: 0}
  m_NavMeshLayer: 0
  m_StaticEditorFlags: 0
  m_IsActive: 1
--- !u!4 &2795282586615900383
Transform:
  m_ObjectHideFlags: 0
  m_CorrespondingSourceObject: {fileID: 0}
  m_PrefabInstance: {fileID: 0}
  m_PrefabAsset: {fileID: 0}
  m_GameObject: {fileID: 2795282586616001727}
  m_LocalRotation: {x: 0, y: 0, z: 0, w: 1}
  m_LocalPosition: {x: -3.1554436e-32, y: 0.0077942386, z: 0}
  m_LocalScale: {x: 1, y: 1, z: 1}
  m_Children:
  - {fileID: 2795282586615900369}
  m_Father: {fileID: 2795282586615900371}
  m_RootOrder: 0
  m_LocalEulerAnglesHint: {x: 0, y: 0, z: 0}
--- !u!1 &2795282586616001729
GameObject:
  m_ObjectHideFlags: 0
  m_CorrespondingSourceObject: {fileID: 0}
  m_PrefabInstance: {fileID: 0}
  m_PrefabAsset: {fileID: 0}
  serializedVersion: 6
  m_Component:
  - component: {fileID: 2795282586615900385}
  m_Layer: 0
  m_Name: Pelvis
  m_TagString: Untagged
  m_Icon: {fileID: 0}
  m_NavMeshLayer: 0
  m_StaticEditorFlags: 0
  m_IsActive: 1
--- !u!4 &2795282586615900385
Transform:
  m_ObjectHideFlags: 0
  m_CorrespondingSourceObject: {fileID: 0}
  m_PrefabInstance: {fileID: 0}
  m_PrefabAsset: {fileID: 0}
  m_GameObject: {fileID: 2795282586616001729}
  m_LocalRotation: {x: 0, y: -0, z: -0, w: 1}
  m_LocalPosition: {x: -0, y: 1.25, z: 0}
  m_LocalScale: {x: 1, y: 1, z: 1}
  m_Children:
  - {fileID: 2795282586615900401}
  - {fileID: 2795282586615900359}
  - {fileID: 2795282586615900397}
  - {fileID: 2795282586615900395}
  - {fileID: 2795282586615900365}
  - {fileID: 2795282586615900399}
  m_Father: {fileID: 2795282586615900387}
  m_RootOrder: 0
  m_LocalEulerAnglesHint: {x: 0, y: 0, z: 0}
--- !u!1 &2795282586616001731
GameObject:
  m_ObjectHideFlags: 0
  m_CorrespondingSourceObject: {fileID: 0}
  m_PrefabInstance: {fileID: 0}
  m_PrefabAsset: {fileID: 0}
  serializedVersion: 6
  m_Component:
  - component: {fileID: 2795282586615900387}
  m_Layer: 0
  m_Name: ROOT
  m_TagString: Untagged
  m_Icon: {fileID: 0}
  m_NavMeshLayer: 0
  m_StaticEditorFlags: 0
  m_IsActive: 1
--- !u!4 &2795282586615900387
Transform:
  m_ObjectHideFlags: 0
  m_CorrespondingSourceObject: {fileID: 0}
  m_PrefabInstance: {fileID: 0}
  m_PrefabAsset: {fileID: 0}
  m_GameObject: {fileID: 2795282586616001731}
  m_LocalRotation: {x: 0, y: -0, z: -0, w: 1}
  m_LocalPosition: {x: -0, y: 0, z: 0}
  m_LocalScale: {x: 1, y: 1, z: 1}
  m_Children:
  - {fileID: 2795282586615900385}
  m_Father: {fileID: 2795282586615900391}
  m_RootOrder: 1
  m_LocalEulerAnglesHint: {x: 0, y: 0, z: 0}
--- !u!1 &2795282586616001733
GameObject:
  m_ObjectHideFlags: 0
  m_CorrespondingSourceObject: {fileID: 0}
  m_PrefabInstance: {fileID: 0}
  m_PrefabAsset: {fileID: 0}
  serializedVersion: 6
  m_Component:
  - component: {fileID: 2795282586615900389}
  - component: {fileID: 2795282586627504583}
  m_Layer: 0
  m_Name: Legs_Spider_Lt_Geom
  m_TagString: Untagged
  m_Icon: {fileID: 0}
  m_NavMeshLayer: 0
  m_StaticEditorFlags: 0
  m_IsActive: 1
--- !u!4 &2795282586615900389
Transform:
  m_ObjectHideFlags: 0
  m_CorrespondingSourceObject: {fileID: 0}
  m_PrefabInstance: {fileID: 0}
  m_PrefabAsset: {fileID: 0}
  m_GameObject: {fileID: 2795282586616001733}
  m_LocalRotation: {x: 0, y: -0, z: -0, w: 1}
  m_LocalPosition: {x: -0, y: 0, z: 0}
  m_LocalScale: {x: 1, y: 1, z: 1}
  m_Children: []
  m_Father: {fileID: 2795282586615900391}
  m_RootOrder: 0
  m_LocalEulerAnglesHint: {x: 0, y: 0, z: 0}
--- !u!137 &2795282586627504583
SkinnedMeshRenderer:
  m_ObjectHideFlags: 0
  m_CorrespondingSourceObject: {fileID: 0}
  m_PrefabInstance: {fileID: 0}
  m_PrefabAsset: {fileID: 0}
  m_GameObject: {fileID: 2795282586616001733}
  m_Enabled: 1
  m_CastShadows: 1
  m_ReceiveShadows: 1
  m_DynamicOccludee: 1
  m_MotionVectors: 1
  m_LightProbeUsage: 0
  m_ReflectionProbeUsage: 1
  m_RenderingLayerMask: 1
  m_RendererPriority: 0
  m_Materials:
  - {fileID: 2100000, guid: 8b80dc1528f0e484caffd647f123bdd6, type: 2}
  m_StaticBatchInfo:
    firstSubMesh: 0
    subMeshCount: 0
  m_StaticBatchRoot: {fileID: 0}
  m_ProbeAnchor: {fileID: 0}
  m_LightProbeVolumeOverride: {fileID: 0}
  m_ScaleInLightmap: 1
  m_PreserveUVs: 0
  m_IgnoreNormalsForChartDetection: 0
  m_ImportantGI: 0
  m_StitchLightmapSeams: 0
  m_SelectedEditorRenderState: 3
  m_MinimumChartSize: 4
  m_AutoUVMaxDistance: 0.5
  m_AutoUVMaxAngle: 89
  m_LightmapParameters: {fileID: 0}
  m_SortingLayerID: 0
  m_SortingLayer: 0
  m_SortingOrder: 0
  serializedVersion: 2
  m_Quality: 0
  m_UpdateWhenOffscreen: 0
  m_SkinnedMotionVectors: 1
  m_Mesh: {fileID: 4300000, guid: 60977fd02627e9746a6773f6de2eceb9, type: 3}
  m_Bones:
  - {fileID: 2795282586615900387}
  - {fileID: 2795282586615900385}
  - {fileID: 2795282586615900399}
  - {fileID: 2795282586615900397}
  - {fileID: 2795282586615900395}
  - {fileID: 2795282586615900393}
  - {fileID: 2795282586615900407}
  - {fileID: 2795282586615900405}
  - {fileID: 2795282586615900403}
  - {fileID: 2795282586615900401}
  - {fileID: 2795282586615900415}
  - {fileID: 2795282586615900413}
  - {fileID: 2795282586615900411}
  - {fileID: 2795282586615900409}
  - {fileID: 2795282586615900359}
  - {fileID: 2795282586615900357}
  - {fileID: 2795282586615900355}
  - {fileID: 2795282586615900353}
  - {fileID: 2795282586615900367}
  - {fileID: 2795282586615900365}
  - {fileID: 2795282586615900363}
  - {fileID: 2795282586615900361}
  - {fileID: 2795282586615900375}
  - {fileID: 2795282586615900373}
  m_BlendShapeWeights: []
  m_RootBone: {fileID: 2795282586615900387}
  m_AABB:
    m_Center: {x: -0.00000047683716, y: 0.9040242, z: -0.28136975}
    m_Extent: {x: 2.299762, y: 1.104, z: 2.2810717}
  m_DirtyAABB: 0
--- !u!1 &2795282586616001735
GameObject:
  m_ObjectHideFlags: 0
  m_CorrespondingSourceObject: {fileID: 0}
  m_PrefabInstance: {fileID: 0}
  m_PrefabAsset: {fileID: 0}
  serializedVersion: 6
  m_Component:
  - component: {fileID: 2795282586615900391}
  - component: {fileID: 2795282586623379207}
  - component: {fileID: 746053241229618404}
  - component: {fileID: 746053241229618407}
  - component: {fileID: 746053241229618406}
  - component: {fileID: 746053241229618401}
  - component: {fileID: 746053241229618427}
  m_Layer: 0
  m_Name: Legs_Spider_Lt_Laser
  m_TagString: Untagged
  m_Icon: {fileID: 0}
  m_NavMeshLayer: 0
  m_StaticEditorFlags: 0
  m_IsActive: 1
--- !u!4 &2795282586615900391
Transform:
  m_ObjectHideFlags: 0
  m_CorrespondingSourceObject: {fileID: 0}
  m_PrefabInstance: {fileID: 0}
  m_PrefabAsset: {fileID: 0}
  m_GameObject: {fileID: 2795282586616001735}
  m_LocalRotation: {x: -0.000000007115327, y: -0.000000029802315, z: 0.0000000022098074,
    w: 1}
  m_LocalPosition: {x: -25.00693, y: 15.252686, z: 25.688292}
  m_LocalScale: {x: 1, y: 1, z: 1}
  m_Children:
  - {fileID: 2795282586615900389}
  - {fileID: 2795282586615900387}
  m_Father: {fileID: 0}
  m_RootOrder: 0
  m_LocalEulerAnglesHint: {x: 0, y: 0, z: 0}
--- !u!95 &2795282586623379207
Animator:
  serializedVersion: 3
  m_ObjectHideFlags: 0
  m_CorrespondingSourceObject: {fileID: 0}
  m_PrefabInstance: {fileID: 0}
  m_PrefabAsset: {fileID: 0}
  m_GameObject: {fileID: 2795282586616001735}
  m_Enabled: 1
  m_Avatar: {fileID: 9000000, guid: 60977fd02627e9746a6773f6de2eceb9, type: 3}
  m_Controller: {fileID: 9100000, guid: c9e0be0e79e840a4a817cf857cfb466b, type: 2}
  m_CullingMode: 1
  m_UpdateMode: 0
  m_ApplyRootMotion: 1
  m_LinearVelocityBlending: 0
  m_WarningMessage: 
  m_HasTransformHierarchy: 1
  m_AllowConstantClipSamplingOptimization: 1
  m_KeepAnimatorControllerStateOnDisable: 0
--- !u!54 &746053241229618404
Rigidbody:
  m_ObjectHideFlags: 0
  m_CorrespondingSourceObject: {fileID: 0}
  m_PrefabInstance: {fileID: 0}
  m_PrefabAsset: {fileID: 0}
  m_GameObject: {fileID: 2795282586616001735}
  serializedVersion: 2
  m_Mass: 50
  m_Drag: 0
  m_AngularDrag: 0.05
  m_UseGravity: 1
  m_IsKinematic: 0
  m_Interpolate: 0
  m_Constraints: 116
  m_CollisionDetection: 0
--- !u!114 &746053241229618407
MonoBehaviour:
  m_ObjectHideFlags: 0
  m_CorrespondingSourceObject: {fileID: 0}
  m_PrefabInstance: {fileID: 0}
  m_PrefabAsset: {fileID: 0}
  m_GameObject: {fileID: 2795282586616001735}
  m_Enabled: 1
  m_EditorHideFlags: 0
  m_Script: {fileID: 11500000, guid: 07e984a483ad60344bfe18baaf8644cd, type: 3}
  m_Name: 
  m_EditorClassIdentifier: 
  go_pool: {fileID: 0}
  pool: {fileID: 0}
  go_ballPool: {fileID: 0}
  ballPool: {fileID: 0}
  go_sameSpeedPool: {fileID: 0}
  sameSpeedPool: {fileID: 0}
  go_bigBallOnePattern: {fileID: 0}
  bigBallOnePattern: {fileID: 0}
  invisibleBubblePool: {fileID: 0}
  data: {fileID: 0}
  enemyTarget: {fileID: 0}
  emitterHolder: {fileID: 0}
  rotationSpeed: 1
  rotationAngleX: 0
  rotationAngleY: 0
  rotationAngleZ: 1
  bubbles: []
  bubblesIndex: 0
  bigBall: {fileID: 0}
  firstShootingCountDown: 0
  resetShootingTime: 0.3
  totalWaveShootingTime: 0
  rechargeTime: 0
  bubbleEmitter:
  - {fileID: 0}
  shootingTimeCountDown: 0
  totalWaveShootingTimeCountDown: 0
  rechargeTimeCountDown: 0
--- !u!114 &746053241229618406
MonoBehaviour:
  m_ObjectHideFlags: 0
  m_CorrespondingSourceObject: {fileID: 0}
  m_PrefabInstance: {fileID: 0}
  m_PrefabAsset: {fileID: 0}
  m_GameObject: {fileID: 2795282586616001735}
  m_Enabled: 1
  m_EditorHideFlags: 0
  m_Script: {fileID: 11500000, guid: 809fab753e7b0ff4abc7d17beda0b1f6, type: 3}
  m_Name: 
  m_EditorClassIdentifier: 
  b_IsKyle: 0
  b_IsSpiderRobot: 0
  b_IsLongLegRobot: 0
  b_IsLastBoss: 0
  b_DefenseTower: 0
  b_IsNiceKyle: 0
  b_IsLaserSpiderRobot: 1
  currentState: 0
--- !u!114 &746053241229618401
MonoBehaviour:
  m_ObjectHideFlags: 0
  m_CorrespondingSourceObject: {fileID: 0}
  m_PrefabInstance: {fileID: 0}
  m_PrefabAsset: {fileID: 0}
  m_GameObject: {fileID: 2795282586616001735}
  m_Enabled: 1
  m_EditorHideFlags: 0
  m_Script: {fileID: 11500000, guid: 31a466e1cd5ebd449a2fd16d8165c5a6, type: 3}
  m_Name: 
  m_EditorClassIdentifier: 
  enemy: {fileID: 0}
  thisEnemyCollider: {fileID: 0}
  bubbleShooter: {fileID: 0}
  controller: {fileID: 0}
  enemyTarget: {fileID: 746053241229618406}
  fightSystem: {fileID: 0}
  healthPool: {fileID: 0}
  kaiwaWindow: {fileID: 0}
  rayDistance: 2
  Chase_speed: 0.2
  kyleSpeed: 0
  target: {fileID: 0}
  ChaseRange: 1
  nextChaseSpeed: 0
  SightRange: 10
  Rotationspeed: 1.5
  kyleRotation: 0
  rb: {fileID: 0}
  movementVec: {x: 0, y: 0, z: 0}
  dirToPlayer: {x: 0, y: 0, z: 0}
  isChase: 0
  float_nextChase: 0
  float_chaseRate: 0
  fallinBackTime: 0
  fallingBackWaitTime: 0
  inBackRange: 0
  isBack: 0
  backSpeed: -3
  backRang: 5
  backWaitTimer: 0
  backWaitTimeSetting: 0
  shootingToWalkingTimer: 0
  shootingToWalkingTimeSetting: 0
  attackToWalkingTimer: 0
  attackToWalkingTimeSetting: 0
  backWaitTimerMelle: 0
  backWaitTimeMelleSetting: 0
  backWaitTimerKyle: 0
  backWaitTimeKyleSetting: 0
  maxHp: 100
  currentHp: 0
  isDead: 0
  deathTimer: 0
  C_Damage: 0
  onTriCount: 0
  float_Distance: 30
  float_checkInSight: 20
  float_SlowDownDistance: 0
  float_StopDistance: 0
  melleAttackD_Damage: 0
  melleAttack_Range: 0
  shoot_Damage: 0
  attackRate: 0
  nextAttack: 0
  bool_EnemyIsMoving: 0
  vec_EnemyCurrentVector: {x: 0, y: 0, z: 0}
  float_EnemyCurrentMoveForce: 0
  float_EnemyCurrentMoveSpeed: 0
  float_EnemyMaxSpeed: 0
  float_EnemyMaxRotateSpeed: 0
  float_EnemyTempRotateForce: 0
  bool_Attack: 0
  bool_EnemyHasRemoteAttackProperty: 1
  bool_RotateShootProperty: 0
  go_spiderTurret: {fileID: 2795282587261440250}
  go_spiderTurretEmitter: {fileID: 746053240902109859}
  f_spiderTurretRotationSpeed: 1.5
  v_spiderAimingAngle: {x: 0, y: 0, z: 0}
  go_LaserParent: {fileID: 3990247369301572070}
  go_ChargeLaser: {fileID: 3990247369301612594}
  go_BeamLaser: {fileID: 3990247369301797684}
  go_SmokeAndSparks: {fileID: 3990247369301811754}
  go_EndLaser: {fileID: 3990247368189736263}
  go_LaserCollider: {fileID: 0}
  f_LaserTimer: 0
  f_LaserRechargeTimeSetting: 2
  f_LaserRechargeTimer: 0
  b_shootVisibleBubble: 0
  b_shootInvisibleBubble: 1
  b_laserColliderOn: 0
  f_LaserColliderShootSpeed: 0
  f_LaserColliderShootTimer: 0
  float_BubbleShootSpeed: 0.2
  float_FirstShootDelayTime: 1.5
  float_WaveShootTotalTime: 10
  float_WaveShootOverDelayTime: 5
  transArray_Emiiter:
  - {fileID: 746053240902109858}
  int_BubbleDamage: 0
  float_ShootingDistance: 0
  float_RotationSpeed: 0
  defenseShield: {fileID: 0}
  HaveShield: 0
  Shield: {fileID: 0}
  shieldOpen: 0
  shieldRadius: 0
  shieldPower: 0
  bool_EnemyHasMelleAttackProperty: 0
  bool_InAttackRange: 0
  float_LookRotationSpeed: 0
  float_AttackRange: 10
  float_FirstAttackCountDown: 0
  float_FirstAttackDelayTime: 0
  float_MelleAttackRate: 0
  float_NextMelleAttack: 0
  f_KyleCrazyHealthRate: 0
  f_KyleCrazyTimer: 0
  f_KyleCrazyTimeSetting: 0
  int_MelleAttack_Damage: 0
  MelleAttackAnim: []
  anim: {fileID: 0}
  takeDamage: 0
  machineDamage: 0
  bladeFuryDamage: 0
  isFallingBackDown: 0
  isStandUp: 0
  IsFirstTimeAttack: 0
  IsFirstTimeShoot: 1
  i_KyleStateNumber: 0
  i_LongLegStateNumber: 0
  i_SpiderStateNumber: 0
  i_LaserSpiderStateNumber: 0
  f_LBMoveSpeed: 0.08
  f_LBRotationSpeed: 0.8
  f_LBdirToPlayer: 0
  f_LBTimer: 0
  f_LBTimerTemporarySave: 0
  i_LBStatePattern: 0
  b_LBRotating: 0
  b_LBMoving: 0
  b_LBJumping: 0
  b_LBAttacking: 0
  v_LBVectorChase: {x: 0, y: 0, z: 0}
  rb_LBrb: {fileID: 0}
  f_LBAttackPrepareRange: 8
  f_LBMelleAttackRange1: 3
  f_LBMelleAttackRange2: 4
  f_LBDeciedAttackRange: 0
  f_LBShootAttackRange: 10
  i_LBMelleAttackPattern: 0
  i_LBShootAttackPattern: 0
  b_LBEmitterRotate: 0
  f_LBLeaveStateDistance: 0
  i_LBHowManyIdleTimesToShootBigBall: 0
  go_LBEmitterHolder: {fileID: 0}
  go_LBAttackEmitterHolder: {fileID: 0}
  go_LBJumpShoot: []
  go_LBShootCircle: []
  go_LBShootKome: []
  go_LBShootStar: []
  go_LBShootTriangle: []
  go_LBShootBigBall: []
  go_LBShootBigBall2: []
  go_LBShootAttack1: []
  go_LBShootBigBallTernado: []
  go_LBJumpShock: {fileID: 0}
  f_NKTimer: 0
  f_NKSpeakRange: 0
  f_NKMoveSpeed: 0
  f_NKRotateSpeed: 0
  i_NKStateNumber: 0
  b_NKRotate: 0
  q_NKStartAngle: {x: 0, y: 0, z: 0, w: 0}
  b_NKMove: 0
  otherEnemies: []
  f_NKAttackRange: 0
  v_NKdirToTarget: {x: 0, y: 0, z: 0}
  v_NKmoveVector: {x: 0, y: 0, z: 0}
  go_NKTargetPosition: []
  v_NKAngleToTarget: {x: 0, y: 0, z: 0}
  i_NKTargetPositionIndex: 0
--- !u!135 &746053241229618427
SphereCollider:
  m_ObjectHideFlags: 0
  m_CorrespondingSourceObject: {fileID: 0}
  m_PrefabInstance: {fileID: 0}
  m_PrefabAsset: {fileID: 0}
  m_GameObject: {fileID: 2795282586616001735}
  m_Material: {fileID: 0}
  m_IsTrigger: 0
  m_Enabled: 1
  serializedVersion: 2
  m_Radius: 2.1169248
  m_Center: {x: 0, y: 1.6169248, z: 0}
--- !u!1 &2795282586616001737
GameObject:
  m_ObjectHideFlags: 0
  m_CorrespondingSourceObject: {fileID: 0}
  m_PrefabInstance: {fileID: 0}
  m_PrefabAsset: {fileID: 0}
  serializedVersion: 6
  m_Component:
  - component: {fileID: 2795282586615900411}
  m_Layer: 0
  m_Name: FL_Lower_Leg_End
  m_TagString: Untagged
  m_Icon: {fileID: 0}
  m_NavMeshLayer: 0
  m_StaticEditorFlags: 0
  m_IsActive: 1
--- !u!4 &2795282586615900411
Transform:
  m_ObjectHideFlags: 0
  m_CorrespondingSourceObject: {fileID: 0}
  m_PrefabInstance: {fileID: 0}
  m_PrefabAsset: {fileID: 0}
  m_GameObject: {fileID: 2795282586616001737}
  m_LocalRotation: {x: 0.10816073, y: 0.9941334, z: 2.740416e-15, w: 1.3205935e-17}
  m_LocalPosition: {x: -1.5043225, y: 1.667734e-16, z: -3.3026932e-16}
  m_LocalScale: {x: 1, y: 1, z: 1}
  m_Children:
  - {fileID: 2795282586615900409}
  m_Father: {fileID: 2795282586615900413}
  m_RootOrder: 0
  m_LocalEulerAnglesHint: {x: 0, y: 0, z: 0}
--- !u!1 &2795282586616001739
GameObject:
  m_ObjectHideFlags: 0
  m_CorrespondingSourceObject: {fileID: 0}
  m_PrefabInstance: {fileID: 0}
  m_PrefabAsset: {fileID: 0}
  serializedVersion: 6
  m_Component:
  - component: {fileID: 2795282586615900413}
  - component: {fileID: 8223225523116317277}
  m_Layer: 0
  m_Name: FL_Lower_Leg
  m_TagString: Untagged
  m_Icon: {fileID: 0}
  m_NavMeshLayer: 0
  m_StaticEditorFlags: 0
  m_IsActive: 1
--- !u!4 &2795282586615900413
Transform:
  m_ObjectHideFlags: 0
  m_CorrespondingSourceObject: {fileID: 0}
  m_PrefabInstance: {fileID: 0}
  m_PrefabAsset: {fileID: 0}
  m_GameObject: {fileID: 2795282586616001739}
  m_LocalRotation: {x: 0.092334725, y: 0.1470646, z: 0.8340447, w: 0.52365625}
  m_LocalPosition: {x: -0.7248056, y: -1.07969185e-16, z: -1.6093917e-16}
  m_LocalScale: {x: 1, y: 1, z: 1}
  m_Children:
  - {fileID: 2795282586615900411}
  m_Father: {fileID: 2795282586615900415}
  m_RootOrder: 0
  m_LocalEulerAnglesHint: {x: 0, y: 0, z: 0}
--- !u!65 &8223225523116317277
BoxCollider:
  m_ObjectHideFlags: 0
  m_CorrespondingSourceObject: {fileID: 0}
  m_PrefabInstance: {fileID: 0}
  m_PrefabAsset: {fileID: 0}
  m_GameObject: {fileID: 2795282586616001739}
  m_Material: {fileID: 0}
  m_IsTrigger: 0
  m_Enabled: 0
  serializedVersion: 2
  m_Size: {x: 1.4362055, y: 1, z: 1}
  m_Center: {x: -0.21810275, y: -0.000000009067834, z: 0.000000063314005}
--- !u!1 &2795282586616001741
GameObject:
  m_ObjectHideFlags: 0
  m_CorrespondingSourceObject: {fileID: 0}
  m_PrefabInstance: {fileID: 0}
  m_PrefabAsset: {fileID: 0}
  serializedVersion: 6
  m_Component:
  - component: {fileID: 2795282586615900415}
  m_Layer: 0
  m_Name: FL_Mid_Leg
  m_TagString: Untagged
  m_Icon: {fileID: 0}
  m_NavMeshLayer: 0
  m_StaticEditorFlags: 0
  m_IsActive: 1
--- !u!4 &2795282586615900415
Transform:
  m_ObjectHideFlags: 0
  m_CorrespondingSourceObject: {fileID: 0}
  m_PrefabInstance: {fileID: 0}
  m_PrefabAsset: {fileID: 0}
  m_GameObject: {fileID: 2795282586616001741}
  m_LocalRotation: {x: -0.16039176, y: 0.68867594, z: -0.16039176, w: 0.68867594}
  m_LocalPosition: {x: -0, y: -0.38260263, z: 0.34741703}
  m_LocalScale: {x: 1, y: 1, z: 1}
  m_Children:
  - {fileID: 2795282586615900413}
  m_Father: {fileID: 2795282586615900401}
  m_RootOrder: 0
  m_LocalEulerAnglesHint: {x: 0, y: 0, z: 0}
--- !u!1 &2795282586616001743
GameObject:
  m_ObjectHideFlags: 0
  m_CorrespondingSourceObject: {fileID: 0}
  m_PrefabInstance: {fileID: 0}
  m_PrefabAsset: {fileID: 0}
  serializedVersion: 6
  m_Component:
  - component: {fileID: 2795282586615900401}
  m_Layer: 0
  m_Name: FL_Upper_Leg
  m_TagString: Untagged
  m_Icon: {fileID: 0}
  m_NavMeshLayer: 0
  m_StaticEditorFlags: 0
  m_IsActive: 1
--- !u!4 &2795282586615900401
Transform:
  m_ObjectHideFlags: 0
  m_CorrespondingSourceObject: {fileID: 0}
  m_PrefabInstance: {fileID: 0}
  m_PrefabAsset: {fileID: 0}
  m_GameObject: {fileID: 2795282586616001743}
  m_LocalRotation: {x: -0.14540195, y: -0.35079414, z: -0.05523464, w: 0.9234451}
  m_LocalPosition: {x: -0.727328, y: -0.036535602, z: 0.5182079}
  m_LocalScale: {x: 1, y: 1, z: 1}
  m_Children:
  - {fileID: 2795282586615900415}
  m_Father: {fileID: 2795282586615900385}
  m_RootOrder: 0
  m_LocalEulerAnglesHint: {x: 0, y: 0, z: 0}
--- !u!1 &2795282586616001745
GameObject:
  m_ObjectHideFlags: 0
  m_CorrespondingSourceObject: {fileID: 0}
  m_PrefabInstance: {fileID: 0}
  m_PrefabAsset: {fileID: 0}
  serializedVersion: 6
  m_Component:
  - component: {fileID: 2795282586615900355}
  - component: {fileID: 2875175345068932014}
  m_Layer: 0
  m_Name: FR_Lower_Leg
  m_TagString: Untagged
  m_Icon: {fileID: 0}
  m_NavMeshLayer: 0
  m_StaticEditorFlags: 0
  m_IsActive: 1
--- !u!4 &2795282586615900355
Transform:
  m_ObjectHideFlags: 0
  m_CorrespondingSourceObject: {fileID: 0}
  m_PrefabInstance: {fileID: 0}
  m_PrefabAsset: {fileID: 0}
  m_GameObject: {fileID: 2795282586616001745}
  m_LocalRotation: {x: 0.09233461, y: 0.14706464, z: 0.83404434, w: 0.5236567}
  m_LocalPosition: {x: 0.72480613, y: 0.0000036379242, z: 1.4210854e-16}
  m_LocalScale: {x: 1, y: 1, z: 1}
  m_Children:
  - {fileID: 2795282586615900353}
  m_Father: {fileID: 2795282586615900357}
  m_RootOrder: 0
  m_LocalEulerAnglesHint: {x: 0, y: 0, z: 0}
--- !u!65 &2875175345068932014
BoxCollider:
  m_ObjectHideFlags: 0
  m_CorrespondingSourceObject: {fileID: 0}
  m_PrefabInstance: {fileID: 0}
  m_PrefabAsset: {fileID: 0}
  m_GameObject: {fileID: 2795282586616001745}
  m_Material: {fileID: 0}
  m_IsTrigger: 0
  m_Enabled: 0
  serializedVersion: 2
  m_Size: {x: 1.5745797, y: 1, z: 0.90568274}
  m_Center: {x: 0.28729022, y: -0.00000008687516, z: 0.04715862}
--- !u!1 &2795282586616001747
GameObject:
  m_ObjectHideFlags: 0
  m_CorrespondingSourceObject: {fileID: 0}
  m_PrefabInstance: {fileID: 0}
  m_PrefabAsset: {fileID: 0}
  serializedVersion: 6
  m_Component:
  - component: {fileID: 2795282586615900357}
  m_Layer: 0
  m_Name: FR_Mid_Leg
  m_TagString: Untagged
  m_Icon: {fileID: 0}
  m_NavMeshLayer: 0
  m_StaticEditorFlags: 0
  m_IsActive: 1
--- !u!4 &2795282586615900357
Transform:
  m_ObjectHideFlags: 0
  m_CorrespondingSourceObject: {fileID: 0}
  m_PrefabInstance: {fileID: 0}
  m_PrefabAsset: {fileID: 0}
  m_GameObject: {fileID: 2795282586616001747}
  m_LocalRotation: {x: -0.16039102, y: 0.68867606, z: -0.16039102, w: 0.68867606}
  m_LocalPosition: {x: -0, y: 0.38259998, z: -0.347417}
  m_LocalScale: {x: 1, y: 1, z: 1}
  m_Children:
  - {fileID: 2795282586615900355}
  m_Father: {fileID: 2795282586615900359}
  m_RootOrder: 0
  m_LocalEulerAnglesHint: {x: 0, y: 0, z: 0}
--- !u!1 &2795282586616001749
GameObject:
  m_ObjectHideFlags: 0
  m_CorrespondingSourceObject: {fileID: 0}
  m_PrefabInstance: {fileID: 0}
  m_PrefabAsset: {fileID: 0}
  serializedVersion: 6
  m_Component:
  - component: {fileID: 2795282586615900359}
  m_Layer: 0
  m_Name: FR_Upper_Leg
  m_TagString: Untagged
  m_Icon: {fileID: 0}
  m_NavMeshLayer: 0
  m_StaticEditorFlags: 0
  m_IsActive: 1
--- !u!4 &2795282586615900359
Transform:
  m_ObjectHideFlags: 0
  m_CorrespondingSourceObject: {fileID: 0}
  m_PrefabInstance: {fileID: 0}
  m_PrefabAsset: {fileID: 0}
  m_GameObject: {fileID: 2795282586616001749}
  m_LocalRotation: {x: 0.9234451, y: 0.055234414, z: -0.35079405, w: 0.14540243}
  m_LocalPosition: {x: 0.727328, y: -0.036539998, z: 0.51820797}
  m_LocalScale: {x: 1, y: 1, z: 1}
  m_Children:
  - {fileID: 2795282586615900357}
  m_Father: {fileID: 2795282586615900385}
  m_RootOrder: 1
  m_LocalEulerAnglesHint: {x: 0, y: 0, z: 0}
--- !u!1 &2795282586616001751
GameObject:
  m_ObjectHideFlags: 0
  m_CorrespondingSourceObject: {fileID: 0}
  m_PrefabInstance: {fileID: 0}
  m_PrefabAsset: {fileID: 0}
  serializedVersion: 6
  m_Component:
  - component: {fileID: 2795282586615900409}
  m_Layer: 0
  m_Name: FL_Foot
  m_TagString: Untagged
  m_Icon: {fileID: 0}
  m_NavMeshLayer: 0
  m_StaticEditorFlags: 0
  m_IsActive: 1
--- !u!4 &2795282586615900409
Transform:
  m_ObjectHideFlags: 0
  m_CorrespondingSourceObject: {fileID: 0}
  m_PrefabInstance: {fileID: 0}
  m_PrefabAsset: {fileID: 0}
  m_GameObject: {fileID: 2795282586616001751}
  m_LocalRotation: {x: -0.4429858, y: 0.5511475, z: 0.4429858, w: 0.5511475}
  m_LocalPosition: {x: 0.12026269, y: 0.040111005, z: -0.00000007733359}
  m_LocalScale: {x: 1, y: 1, z: 1}
  m_Children: []
  m_Father: {fileID: 2795282586615900411}
  m_RootOrder: 0
  m_LocalEulerAnglesHint: {x: 0, y: 0, z: 0}
--- !u!1 &2795282586616001753
GameObject:
  m_ObjectHideFlags: 0
  m_CorrespondingSourceObject: {fileID: 0}
  m_PrefabInstance: {fileID: 0}
  m_PrefabAsset: {fileID: 0}
  serializedVersion: 6
  m_Component:
  - component: {fileID: 2795282586615900395}
  m_Layer: 0
  m_Name: RL_Upper_Leg
  m_TagString: Untagged
  m_Icon: {fileID: 0}
  m_NavMeshLayer: 0
  m_StaticEditorFlags: 0
  m_IsActive: 1
--- !u!4 &2795282586615900395
Transform:
  m_ObjectHideFlags: 0
  m_CorrespondingSourceObject: {fileID: 0}
  m_PrefabInstance: {fileID: 0}
  m_PrefabAsset: {fileID: 0}
  m_GameObject: {fileID: 2795282586616001753}
  m_LocalRotation: {x: 0.24462378, y: 0.23994769, z: -0.062618695, w: 0.9373704}
  m_LocalPosition: {x: -0.727328, y: -0.036535602, z: -0.63449764}
  m_LocalScale: {x: 1, y: 1, z: 1}
  m_Children:
  - {fileID: 2795282586615900393}
  m_Father: {fileID: 2795282586615900385}
  m_RootOrder: 3
  m_LocalEulerAnglesHint: {x: 0, y: 0, z: 0}
--- !u!1 &2795282586616001755
GameObject:
  m_ObjectHideFlags: 0
  m_CorrespondingSourceObject: {fileID: 0}
  m_PrefabInstance: {fileID: 0}
  m_PrefabAsset: {fileID: 0}
  serializedVersion: 6
  m_Component:
  - component: {fileID: 2795282586615900397}
  m_Layer: 0
  m_Name: FrontPlate
  m_TagString: Untagged
  m_Icon: {fileID: 0}
  m_NavMeshLayer: 0
  m_StaticEditorFlags: 0
  m_IsActive: 1
--- !u!4 &2795282586615900397
Transform:
  m_ObjectHideFlags: 0
  m_CorrespondingSourceObject: {fileID: 0}
  m_PrefabInstance: {fileID: 0}
  m_PrefabAsset: {fileID: 0}
  m_GameObject: {fileID: 2795282586616001755}
  m_LocalRotation: {x: 0, y: -0, z: -0, w: 1}
  m_LocalPosition: {x: -0, y: 0.09673511, z: 0.66951287}
  m_LocalScale: {x: 1, y: 1, z: 1}
  m_Children: []
  m_Father: {fileID: 2795282586615900385}
  m_RootOrder: 2
  m_LocalEulerAnglesHint: {x: 0, y: 0, z: 0}
--- !u!1 &2795282586616001757
GameObject:
  m_ObjectHideFlags: 0
  m_CorrespondingSourceObject: {fileID: 0}
  m_PrefabInstance: {fileID: 0}
  m_PrefabAsset: {fileID: 0}
  serializedVersion: 6
  m_Component:
  - component: {fileID: 2795282586615900367}
  m_Layer: 0
  m_Name: FR_Foot
  m_TagString: Untagged
  m_Icon: {fileID: 0}
  m_NavMeshLayer: 0
  m_StaticEditorFlags: 0
  m_IsActive: 1
--- !u!4 &2795282586615900367
Transform:
  m_ObjectHideFlags: 0
  m_CorrespondingSourceObject: {fileID: 0}
  m_PrefabInstance: {fileID: 0}
  m_PrefabAsset: {fileID: 0}
  m_GameObject: {fileID: 2795282586616001757}
  m_LocalRotation: {x: -0.4429858, y: 0.5511476, z: 0.4429858, w: 0.5511476}
  m_LocalPosition: {x: -0.12026119, y: -0.040105693, z: 0.00000002678587}
  m_LocalScale: {x: 1, y: 1, z: 1}
  m_Children: []
  m_Father: {fileID: 2795282586615900353}
  m_RootOrder: 0
  m_LocalEulerAnglesHint: {x: 0, y: 0, z: 0}
--- !u!1 &2795282586616001759
GameObject:
  m_ObjectHideFlags: 0
  m_CorrespondingSourceObject: {fileID: 0}
  m_PrefabInstance: {fileID: 0}
  m_PrefabAsset: {fileID: 0}
  serializedVersion: 6
  m_Component:
  - component: {fileID: 2795282586615900353}
  m_Layer: 0
  m_Name: FR_Lower_Leg_End
  m_TagString: Untagged
  m_Icon: {fileID: 0}
  m_NavMeshLayer: 0
  m_StaticEditorFlags: 0
  m_IsActive: 1
--- !u!4 &2795282586615900353
Transform:
  m_ObjectHideFlags: 0
  m_CorrespondingSourceObject: {fileID: 0}
  m_PrefabInstance: {fileID: 0}
  m_PrefabAsset: {fileID: 0}
  m_GameObject: {fileID: 2795282586616001759}
  m_LocalRotation: {x: 0.10816073, y: 0.9941334, z: 1.8574482e-15, w: -8.286009e-17}
  m_LocalPosition: {x: 1.5043179, y: -0.000000038825796, z: 1.4210854e-16}
  m_LocalScale: {x: 1, y: 1, z: 1}
  m_Children:
  - {fileID: 2795282586615900367}
  m_Father: {fileID: 2795282586615900355}
  m_RootOrder: 0
  m_LocalEulerAnglesHint: {x: 0, y: 0, z: 0}
--- !u!1001 &2795282585623613000
PrefabInstance:
  m_ObjectHideFlags: 0
  serializedVersion: 2
  m_Modification:
    m_TransformParent: {fileID: 2795282587261209818}
    m_Modifications:
    - target: {fileID: 100000, guid: 329aea7e1c70d514887ed1ff90f020e4, type: 3}
      propertyPath: m_Name
      value: Antenna_Short
      objectReference: {fileID: 0}
    - target: {fileID: 400000, guid: 329aea7e1c70d514887ed1ff90f020e4, type: 3}
      propertyPath: m_LocalPosition.x
      value: -0.3812342
      objectReference: {fileID: 0}
    - target: {fileID: 400000, guid: 329aea7e1c70d514887ed1ff90f020e4, type: 3}
      propertyPath: m_LocalPosition.y
      value: 1.2538438
      objectReference: {fileID: 0}
    - target: {fileID: 400000, guid: 329aea7e1c70d514887ed1ff90f020e4, type: 3}
      propertyPath: m_LocalPosition.z
      value: -0.25345933
      objectReference: {fileID: 0}
    - target: {fileID: 400000, guid: 329aea7e1c70d514887ed1ff90f020e4, type: 3}
      propertyPath: m_LocalRotation.x
      value: 0
      objectReference: {fileID: 0}
    - target: {fileID: 400000, guid: 329aea7e1c70d514887ed1ff90f020e4, type: 3}
      propertyPath: m_LocalRotation.y
      value: -0
      objectReference: {fileID: 0}
    - target: {fileID: 400000, guid: 329aea7e1c70d514887ed1ff90f020e4, type: 3}
      propertyPath: m_LocalRotation.z
      value: -0
      objectReference: {fileID: 0}
    - target: {fileID: 400000, guid: 329aea7e1c70d514887ed1ff90f020e4, type: 3}
      propertyPath: m_LocalRotation.w
      value: 1
      objectReference: {fileID: 0}
    - target: {fileID: 400000, guid: 329aea7e1c70d514887ed1ff90f020e4, type: 3}
      propertyPath: m_RootOrder
      value: 5
      objectReference: {fileID: 0}
    - target: {fileID: 400000, guid: 329aea7e1c70d514887ed1ff90f020e4, type: 3}
      propertyPath: m_LocalEulerAnglesHint.x
      value: 0
      objectReference: {fileID: 0}
    - target: {fileID: 400000, guid: 329aea7e1c70d514887ed1ff90f020e4, type: 3}
      propertyPath: m_LocalEulerAnglesHint.y
      value: 0
      objectReference: {fileID: 0}
    - target: {fileID: 400000, guid: 329aea7e1c70d514887ed1ff90f020e4, type: 3}
      propertyPath: m_LocalEulerAnglesHint.z
      value: 0
      objectReference: {fileID: 0}
    m_RemovedComponents: []
  m_SourcePrefab: {fileID: 100100000, guid: 329aea7e1c70d514887ed1ff90f020e4, type: 3}
--- !u!1001 &2795282585832022405
PrefabInstance:
  m_ObjectHideFlags: 0
  serializedVersion: 2
  m_Modification:
    m_TransformParent: {fileID: 2795282587261209808}
    m_Modifications:
    - target: {fileID: 100000, guid: cbe626afcfb68814194fc158684d1e6b, type: 3}
      propertyPath: m_Name
      value: Weapon_Shock_Rifle_lvl2
      objectReference: {fileID: 0}
    - target: {fileID: 400000, guid: cbe626afcfb68814194fc158684d1e6b, type: 3}
      propertyPath: m_LocalPosition.x
      value: -0
      objectReference: {fileID: 0}
    - target: {fileID: 400000, guid: cbe626afcfb68814194fc158684d1e6b, type: 3}
      propertyPath: m_LocalPosition.y
      value: 0
      objectReference: {fileID: 0}
    - target: {fileID: 400000, guid: cbe626afcfb68814194fc158684d1e6b, type: 3}
      propertyPath: m_LocalPosition.z
      value: 0
      objectReference: {fileID: 0}
    - target: {fileID: 400000, guid: cbe626afcfb68814194fc158684d1e6b, type: 3}
      propertyPath: m_LocalRotation.x
      value: 0
      objectReference: {fileID: 0}
    - target: {fileID: 400000, guid: cbe626afcfb68814194fc158684d1e6b, type: 3}
      propertyPath: m_LocalRotation.y
      value: -0
      objectReference: {fileID: 0}
    - target: {fileID: 400000, guid: cbe626afcfb68814194fc158684d1e6b, type: 3}
      propertyPath: m_LocalRotation.z
      value: -0
      objectReference: {fileID: 0}
    - target: {fileID: 400000, guid: cbe626afcfb68814194fc158684d1e6b, type: 3}
      propertyPath: m_LocalRotation.w
      value: 1
      objectReference: {fileID: 0}
    - target: {fileID: 400000, guid: cbe626afcfb68814194fc158684d1e6b, type: 3}
      propertyPath: m_RootOrder
      value: 0
      objectReference: {fileID: 0}
    - target: {fileID: 400000, guid: cbe626afcfb68814194fc158684d1e6b, type: 3}
      propertyPath: m_LocalEulerAnglesHint.x
      value: 0
      objectReference: {fileID: 0}
    - target: {fileID: 400000, guid: cbe626afcfb68814194fc158684d1e6b, type: 3}
      propertyPath: m_LocalEulerAnglesHint.y
      value: 0
      objectReference: {fileID: 0}
    - target: {fileID: 400000, guid: cbe626afcfb68814194fc158684d1e6b, type: 3}
      propertyPath: m_LocalEulerAnglesHint.z
      value: 0
      objectReference: {fileID: 0}
    m_RemovedComponents: []
  m_SourcePrefab: {fileID: 100100000, guid: cbe626afcfb68814194fc158684d1e6b, type: 3}
--- !u!1001 &2795282586345290305
PrefabInstance:
  m_ObjectHideFlags: 0
  serializedVersion: 2
  m_Modification:
    m_TransformParent: {fileID: 2795282587261209820}
    m_Modifications:
    - target: {fileID: 100000, guid: c54bc877b077538459ea7285e34193ed, type: 3}
      propertyPath: m_Name
      value: Top_Weapon_Platform
      objectReference: {fileID: 0}
    - target: {fileID: 400000, guid: c54bc877b077538459ea7285e34193ed, type: 3}
      propertyPath: m_LocalPosition.x
      value: 0
      objectReference: {fileID: 0}
    - target: {fileID: 400000, guid: c54bc877b077538459ea7285e34193ed, type: 3}
      propertyPath: m_LocalPosition.y
      value: 0
      objectReference: {fileID: 0}
    - target: {fileID: 400000, guid: c54bc877b077538459ea7285e34193ed, type: 3}
      propertyPath: m_LocalPosition.z
      value: 0
      objectReference: {fileID: 0}
    - target: {fileID: 400000, guid: c54bc877b077538459ea7285e34193ed, type: 3}
      propertyPath: m_LocalRotation.x
      value: 0
      objectReference: {fileID: 0}
    - target: {fileID: 400000, guid: c54bc877b077538459ea7285e34193ed, type: 3}
      propertyPath: m_LocalRotation.y
      value: 0
      objectReference: {fileID: 0}
    - target: {fileID: 400000, guid: c54bc877b077538459ea7285e34193ed, type: 3}
      propertyPath: m_LocalRotation.z
      value: 0.7071068
      objectReference: {fileID: 0}
    - target: {fileID: 400000, guid: c54bc877b077538459ea7285e34193ed, type: 3}
      propertyPath: m_LocalRotation.w
      value: 0.7071068
      objectReference: {fileID: 0}
    - target: {fileID: 400000, guid: c54bc877b077538459ea7285e34193ed, type: 3}
      propertyPath: m_RootOrder
      value: 0
      objectReference: {fileID: 0}
    - target: {fileID: 400000, guid: c54bc877b077538459ea7285e34193ed, type: 3}
      propertyPath: m_LocalEulerAnglesHint.x
      value: 0
      objectReference: {fileID: 0}
    - target: {fileID: 400000, guid: c54bc877b077538459ea7285e34193ed, type: 3}
      propertyPath: m_LocalEulerAnglesHint.y
      value: 0
      objectReference: {fileID: 0}
    - target: {fileID: 400000, guid: c54bc877b077538459ea7285e34193ed, type: 3}
      propertyPath: m_LocalEulerAnglesHint.z
      value: 0
      objectReference: {fileID: 0}
    m_RemovedComponents: []
  m_SourcePrefab: {fileID: 100100000, guid: c54bc877b077538459ea7285e34193ed, type: 3}
--- !u!1001 &2795282587112891064
PrefabInstance:
  m_ObjectHideFlags: 0
  serializedVersion: 2
  m_Modification:
    m_TransformParent: {fileID: 2795282587261209810}
    m_Modifications:
    - target: {fileID: 100000, guid: 60757288cecaa1c4dbcd3b9584e38b7a, type: 3}
      propertyPath: m_Name
      value: HalfShoulder_Bot
      objectReference: {fileID: 0}
    - target: {fileID: 400000, guid: 60757288cecaa1c4dbcd3b9584e38b7a, type: 3}
      propertyPath: m_LocalPosition.x
      value: 0
      objectReference: {fileID: 0}
    - target: {fileID: 400000, guid: 60757288cecaa1c4dbcd3b9584e38b7a, type: 3}
      propertyPath: m_LocalPosition.y
      value: 0
      objectReference: {fileID: 0}
    - target: {fileID: 400000, guid: 60757288cecaa1c4dbcd3b9584e38b7a, type: 3}
      propertyPath: m_LocalPosition.z
      value: 0
      objectReference: {fileID: 0}
    - target: {fileID: 400000, guid: 60757288cecaa1c4dbcd3b9584e38b7a, type: 3}
      propertyPath: m_LocalRotation.x
      value: 0
      objectReference: {fileID: 0}
    - target: {fileID: 400000, guid: 60757288cecaa1c4dbcd3b9584e38b7a, type: 3}
      propertyPath: m_LocalRotation.y
      value: -0
      objectReference: {fileID: 0}
    - target: {fileID: 400000, guid: 60757288cecaa1c4dbcd3b9584e38b7a, type: 3}
      propertyPath: m_LocalRotation.z
      value: -0
      objectReference: {fileID: 0}
    - target: {fileID: 400000, guid: 60757288cecaa1c4dbcd3b9584e38b7a, type: 3}
      propertyPath: m_LocalRotation.w
      value: 1
      objectReference: {fileID: 0}
    - target: {fileID: 400000, guid: 60757288cecaa1c4dbcd3b9584e38b7a, type: 3}
      propertyPath: m_RootOrder
      value: 0
      objectReference: {fileID: 0}
    - target: {fileID: 400000, guid: 60757288cecaa1c4dbcd3b9584e38b7a, type: 3}
      propertyPath: m_LocalEulerAnglesHint.x
      value: 0
      objectReference: {fileID: 0}
    - target: {fileID: 400000, guid: 60757288cecaa1c4dbcd3b9584e38b7a, type: 3}
      propertyPath: m_LocalEulerAnglesHint.y
      value: 0
      objectReference: {fileID: 0}
    - target: {fileID: 400000, guid: 60757288cecaa1c4dbcd3b9584e38b7a, type: 3}
      propertyPath: m_LocalEulerAnglesHint.z
      value: 0
      objectReference: {fileID: 0}
    m_RemovedComponents: []
  m_SourcePrefab: {fileID: 100100000, guid: 60757288cecaa1c4dbcd3b9584e38b7a, type: 3}
--- !u!1001 &2795282587261343322
PrefabInstance:
  m_ObjectHideFlags: 0
  serializedVersion: 2
  m_Modification:
    m_TransformParent: {fileID: 2795282586615900371}
    m_Modifications:
    - target: {fileID: 100000, guid: c247f4754f5b779409e3dc67bf84273e, type: 3}
      propertyPath: m_Name
      value: Cockpit_Gun_2x
      objectReference: {fileID: 0}
    - target: {fileID: 400000, guid: c247f4754f5b779409e3dc67bf84273e, type: 3}
      propertyPath: m_LocalPosition.x
      value: 0
      objectReference: {fileID: 0}
    - target: {fileID: 400000, guid: c247f4754f5b779409e3dc67bf84273e, type: 3}
      propertyPath: m_LocalPosition.y
      value: 0
      objectReference: {fileID: 0}
    - target: {fileID: 400000, guid: c247f4754f5b779409e3dc67bf84273e, type: 3}
      propertyPath: m_LocalPosition.z
      value: 0
      objectReference: {fileID: 0}
    - target: {fileID: 400000, guid: c247f4754f5b779409e3dc67bf84273e, type: 3}
      propertyPath: m_LocalRotation.x
      value: 0
      objectReference: {fileID: 0}
    - target: {fileID: 400000, guid: c247f4754f5b779409e3dc67bf84273e, type: 3}
      propertyPath: m_LocalRotation.y
      value: -0
      objectReference: {fileID: 0}
    - target: {fileID: 400000, guid: c247f4754f5b779409e3dc67bf84273e, type: 3}
      propertyPath: m_LocalRotation.z
      value: -0
      objectReference: {fileID: 0}
    - target: {fileID: 400000, guid: c247f4754f5b779409e3dc67bf84273e, type: 3}
      propertyPath: m_LocalRotation.w
      value: 1
      objectReference: {fileID: 0}
    - target: {fileID: 400000, guid: c247f4754f5b779409e3dc67bf84273e, type: 3}
      propertyPath: m_RootOrder
      value: 1
      objectReference: {fileID: 0}
    - target: {fileID: 400000, guid: c247f4754f5b779409e3dc67bf84273e, type: 3}
      propertyPath: m_LocalEulerAnglesHint.x
      value: 0
      objectReference: {fileID: 0}
    - target: {fileID: 400000, guid: c247f4754f5b779409e3dc67bf84273e, type: 3}
      propertyPath: m_LocalEulerAnglesHint.y
      value: 0
      objectReference: {fileID: 0}
    - target: {fileID: 400000, guid: c247f4754f5b779409e3dc67bf84273e, type: 3}
      propertyPath: m_LocalEulerAnglesHint.z
      value: 0
      objectReference: {fileID: 0}
    m_RemovedComponents: []
  m_SourcePrefab: {fileID: 100100000, guid: c247f4754f5b779409e3dc67bf84273e, type: 3}
--- !u!1 &2795282587261440250 stripped
GameObject:
  m_CorrespondingSourceObject: {fileID: 100000, guid: c247f4754f5b779409e3dc67bf84273e,
    type: 3}
  m_PrefabInstance: {fileID: 2795282587261343322}
  m_PrefabAsset: {fileID: 0}
--- !u!4 &2795282587261209818 stripped
Transform:
  m_CorrespondingSourceObject: {fileID: 400000, guid: c247f4754f5b779409e3dc67bf84273e,
    type: 3}
  m_PrefabInstance: {fileID: 2795282587261343322}
  m_PrefabAsset: {fileID: 0}
--- !u!4 &2795282587261209820 stripped
Transform:
  m_CorrespondingSourceObject: {fileID: 400006, guid: c247f4754f5b779409e3dc67bf84273e,
    type: 3}
  m_PrefabInstance: {fileID: 2795282587261343322}
  m_PrefabAsset: {fileID: 0}
--- !u!4 &2795282587261209810 stripped
Transform:
  m_CorrespondingSourceObject: {fileID: 400008, guid: c247f4754f5b779409e3dc67bf84273e,
    type: 3}
  m_PrefabInstance: {fileID: 2795282587261343322}
  m_PrefabAsset: {fileID: 0}
--- !u!4 &2795282587261209808 stripped
Transform:
  m_CorrespondingSourceObject: {fileID: 400010, guid: c247f4754f5b779409e3dc67bf84273e,
    type: 3}
  m_PrefabInstance: {fileID: 2795282587261343322}
  m_PrefabAsset: {fileID: 0}
--- !u!1001 &4950148396797114390
PrefabInstance:
  m_ObjectHideFlags: 0
  serializedVersion: 2
  m_Modification:
    m_TransformParent: {fileID: 2795282587261209818}
    m_Modifications:
    - target: {fileID: 8345804984027677168, guid: 6ed9522bc9870f44f8c981ff77eac1ee,
        type: 3}
      propertyPath: m_Name
      value: Orbital_Beam_Laser_1
      objectReference: {fileID: 0}
    - target: {fileID: 8345804984027443532, guid: 6ed9522bc9870f44f8c981ff77eac1ee,
        type: 3}
      propertyPath: m_LocalPosition.x
      value: 0.69
      objectReference: {fileID: 0}
    - target: {fileID: 8345804984027443532, guid: 6ed9522bc9870f44f8c981ff77eac1ee,
        type: 3}
      propertyPath: m_LocalPosition.y
      value: 0.778
      objectReference: {fileID: 0}
    - target: {fileID: 8345804984027443532, guid: 6ed9522bc9870f44f8c981ff77eac1ee,
        type: 3}
      propertyPath: m_LocalPosition.z
      value: 1.586
      objectReference: {fileID: 0}
    - target: {fileID: 8345804984027443532, guid: 6ed9522bc9870f44f8c981ff77eac1ee,
        type: 3}
      propertyPath: m_LocalRotation.x
      value: 0.7071068
      objectReference: {fileID: 0}
    - target: {fileID: 8345804984027443532, guid: 6ed9522bc9870f44f8c981ff77eac1ee,
        type: 3}
      propertyPath: m_LocalRotation.y
      value: -0
      objectReference: {fileID: 0}
    - target: {fileID: 8345804984027443532, guid: 6ed9522bc9870f44f8c981ff77eac1ee,
        type: 3}
      propertyPath: m_LocalRotation.z
      value: 4.1628543e-16
      objectReference: {fileID: 0}
    - target: {fileID: 8345804984027443532, guid: 6ed9522bc9870f44f8c981ff77eac1ee,
        type: 3}
      propertyPath: m_LocalRotation.w
      value: 0.7071068
      objectReference: {fileID: 0}
    - target: {fileID: 8345804984027443532, guid: 6ed9522bc9870f44f8c981ff77eac1ee,
        type: 3}
      propertyPath: m_RootOrder
      value: 7
      objectReference: {fileID: 0}
    - target: {fileID: 8345804984027443532, guid: 6ed9522bc9870f44f8c981ff77eac1ee,
        type: 3}
      propertyPath: m_LocalEulerAnglesHint.x
      value: 90
      objectReference: {fileID: 0}
    - target: {fileID: 8345804984027443532, guid: 6ed9522bc9870f44f8c981ff77eac1ee,
        type: 3}
      propertyPath: m_LocalEulerAnglesHint.y
      value: 0
      objectReference: {fileID: 0}
    - target: {fileID: 8345804984027443532, guid: 6ed9522bc9870f44f8c981ff77eac1ee,
        type: 3}
      propertyPath: m_LocalEulerAnglesHint.z
      value: 0
      objectReference: {fileID: 0}
    m_RemovedComponents: []
  m_SourcePrefab: {fileID: 100100000, guid: 6ed9522bc9870f44f8c981ff77eac1ee, type: 3}
--- !u!1 &3990247369301572070 stripped
GameObject:
  m_CorrespondingSourceObject: {fileID: 8345804984027677168, guid: 6ed9522bc9870f44f8c981ff77eac1ee,
    type: 3}
  m_PrefabInstance: {fileID: 4950148396797114390}
  m_PrefabAsset: {fileID: 0}
--- !u!1 &3990247369301797684 stripped
GameObject:
  m_CorrespondingSourceObject: {fileID: 8345804984027452194, guid: 6ed9522bc9870f44f8c981ff77eac1ee,
    type: 3}
  m_PrefabInstance: {fileID: 4950148396797114390}
  m_PrefabAsset: {fileID: 0}
--- !u!1 &3990247369301811754 stripped
GameObject:
  m_CorrespondingSourceObject: {fileID: 8345804984027470396, guid: 6ed9522bc9870f44f8c981ff77eac1ee,
    type: 3}
  m_PrefabInstance: {fileID: 4950148396797114390}
  m_PrefabAsset: {fileID: 0}
--- !u!1 &3990247368189736263 stripped
GameObject:
  m_CorrespondingSourceObject: {fileID: 8345804985047272785, guid: 6ed9522bc9870f44f8c981ff77eac1ee,
    type: 3}
  m_PrefabInstance: {fileID: 4950148396797114390}
  m_PrefabAsset: {fileID: 0}
--- !u!1 &3990247369301612594 stripped
GameObject:
  m_CorrespondingSourceObject: {fileID: 8345804984027668516, guid: 6ed9522bc9870f44f8c981ff77eac1ee,
    type: 3}
  m_PrefabInstance: {fileID: 4950148396797114390}
  m_PrefabAsset: {fileID: 0}
