%YAML 1.1
%TAG !u! tag:unity3d.com,2011:
--- !u!1 &58862420604835752
GameObject:
  m_ObjectHideFlags: 0
  m_CorrespondingSourceObject: {fileID: 0}
  m_PrefabInstance: {fileID: 0}
  m_PrefabAsset: {fileID: 0}
  serializedVersion: 6
  m_Component:
  - component: {fileID: 4707624292628388940}
  - component: {fileID: 3043332081010113695}
  - component: {fileID: 2423390731811314243}
  - component: {fileID: 2581660140245264985}
  m_Layer: 0
  m_Name: Cube (1)
  m_TagString: Untagged
  m_Icon: {fileID: 0}
  m_NavMeshLayer: 0
  m_StaticEditorFlags: 0
  m_IsActive: 1
--- !u!4 &4707624292628388940
Transform:
  m_ObjectHideFlags: 0
  m_CorrespondingSourceObject: {fileID: 0}
  m_PrefabInstance: {fileID: 0}
  m_PrefabAsset: {fileID: 0}
  m_GameObject: {fileID: 58862420604835752}
  m_LocalRotation: {x: -0.2705979, y: 0.2705981, z: 0.65328175, w: 0.65328133}
  m_LocalPosition: {x: -0.000023471679, y: -0.0003606017, z: -0.00040331055}
  m_LocalScale: {x: 0.6713195, y: 1.4960135, z: 0.6569583}
  m_Children: []
  m_Father: {fileID: 1433686476789402696}
  m_RootOrder: 1
  m_LocalEulerAnglesHint: {x: 0, y: 0, z: 90.00001}
--- !u!33 &3043332081010113695
MeshFilter:
  m_ObjectHideFlags: 0
  m_CorrespondingSourceObject: {fileID: 0}
  m_PrefabInstance: {fileID: 0}
  m_PrefabAsset: {fileID: 0}
  m_GameObject: {fileID: 58862420604835752}
  m_Mesh: {fileID: 10202, guid: 0000000000000000e000000000000000, type: 0}
--- !u!23 &2423390731811314243
MeshRenderer:
  m_ObjectHideFlags: 0
  m_CorrespondingSourceObject: {fileID: 0}
  m_PrefabInstance: {fileID: 0}
  m_PrefabAsset: {fileID: 0}
  m_GameObject: {fileID: 58862420604835752}
  m_Enabled: 1
  m_CastShadows: 1
  m_ReceiveShadows: 1
  m_DynamicOccludee: 1
  m_MotionVectors: 1
  m_LightProbeUsage: 1
  m_ReflectionProbeUsage: 1
  m_RenderingLayerMask: 1
  m_RendererPriority: 0
  m_Materials:
  - {fileID: 2100000, guid: d59c7a983c8590d4aa1078b66e80de3f, type: 2}
  m_StaticBatchInfo:
    firstSubMesh: 0
    subMeshCount: 0
  m_StaticBatchRoot: {fileID: 0}
  m_ProbeAnchor: {fileID: 0}
  m_LightProbeVolumeOverride: {fileID: 0}
  m_ScaleInLightmap: 1
  m_PreserveUVs: 0
  m_IgnoreNormalsForChartDetection: 0
  m_ImportantGI: 0
  m_StitchLightmapSeams: 0
  m_SelectedEditorRenderState: 3
  m_MinimumChartSize: 4
  m_AutoUVMaxDistance: 0.5
  m_AutoUVMaxAngle: 89
  m_LightmapParameters: {fileID: 0}
  m_SortingLayerID: 0
  m_SortingLayer: 0
  m_SortingOrder: 0
--- !u!65 &2581660140245264985
BoxCollider:
  m_ObjectHideFlags: 0
  m_CorrespondingSourceObject: {fileID: 0}
  m_PrefabInstance: {fileID: 0}
  m_PrefabAsset: {fileID: 0}
  m_GameObject: {fileID: 58862420604835752}
  m_Material: {fileID: 0}
  m_IsTrigger: 0
  m_Enabled: 1
  serializedVersion: 2
  m_Size: {x: 1.0000007, y: 1, z: 1.0000007}
  m_Center: {x: -0.0000047683716, y: 0, z: -0.00015258789}
--- !u!1 &1329839533794117702
GameObject:
  m_ObjectHideFlags: 0
  m_CorrespondingSourceObject: {fileID: 0}
  m_PrefabInstance: {fileID: 0}
  m_PrefabAsset: {fileID: 0}
  serializedVersion: 6
  m_Component:
  - component: {fileID: 1329839533794117696}
  - component: {fileID: 1329839533794117703}
  - component: {fileID: 1074916565764823439}
  m_Layer: 0
  m_Name: DroppedHealth
  m_TagString: Health
  m_Icon: {fileID: 0}
  m_NavMeshLayer: 0
  m_StaticEditorFlags: 0
  m_IsActive: 1
--- !u!4 &1329839533794117696
Transform:
  m_ObjectHideFlags: 0
  m_CorrespondingSourceObject: {fileID: 0}
  m_PrefabInstance: {fileID: 0}
  m_PrefabAsset: {fileID: 0}
  m_GameObject: {fileID: 1329839533794117702}
  m_LocalRotation: {x: -0, y: -0.94351846, z: -0, w: 0.33132014}
  m_LocalPosition: {x: 6.283, y: 3.184, z: 386.06}
  m_LocalScale: {x: 1, y: 1, z: 1}
  m_Children:
  - {fileID: 1433686476789402696}
  m_Father: {fileID: 0}
  m_RootOrder: 0
  m_LocalEulerAnglesHint: {x: 0, y: -141.302, z: 0}
--- !u!114 &1329839533794117703
MonoBehaviour:
  m_ObjectHideFlags: 0
  m_CorrespondingSourceObject: {fileID: 0}
  m_PrefabInstance: {fileID: 0}
  m_PrefabAsset: {fileID: 0}
  m_GameObject: {fileID: 1329839533794117702}
  m_Enabled: 1
  m_EditorHideFlags: 0
  m_Script: {fileID: 11500000, guid: 2f626132e4ae0944f8798cf21621afe8, type: 3}
  m_Name: 
  m_EditorClassIdentifier: 
  Repair: 0
  beRepaired: 0
  healthPos: {fileID: 1433686476789402693}
  rangeOfArc: 0
  perRangeOfArc: 0.03
  radius: 0.45
  followXPoint: -0.72
  followYPoint: 2
  followZPoint: -0.5
  settingsHealth: 0
  droppedHealth: 1
  healthPool: {fileID: 0}
--- !u!65 &1074916565764823439
BoxCollider:
  m_ObjectHideFlags: 0
  m_CorrespondingSourceObject: {fileID: 0}
  m_PrefabInstance: {fileID: 0}
  m_PrefabAsset: {fileID: 0}
  m_GameObject: {fileID: 1329839533794117702}
  m_Material: {fileID: 0}
  m_IsTrigger: 1
  m_Enabled: 1
  serializedVersion: 2
  m_Size: {x: 0.5, y: 0.5, z: 0.5}
  m_Center: {x: 0, y: 0.08443406, z: 0}
--- !u!1 &4716854869836211574
GameObject:
  m_ObjectHideFlags: 0
  m_CorrespondingSourceObject: {fileID: 0}
  m_PrefabInstance: {fileID: 0}
  m_PrefabAsset: {fileID: 0}
  serializedVersion: 6
  m_Component:
  - component: {fileID: 1839463549438512039}
  - component: {fileID: 6701944139670985580}
  - component: {fileID: 7245570811444088198}
  - component: {fileID: 7379852937178199167}
  m_Layer: 0
  m_Name: Cube
  m_TagString: Untagged
  m_Icon: {fileID: 0}
  m_NavMeshLayer: 0
  m_StaticEditorFlags: 0
  m_IsActive: 1
--- !u!4 &1839463549438512039
Transform:
  m_ObjectHideFlags: 0
  m_CorrespondingSourceObject: {fileID: 0}
  m_PrefabInstance: {fileID: 0}
  m_PrefabAsset: {fileID: 0}
  m_GameObject: {fileID: 4716854869836211574}
  m_LocalRotation: {x: -0.38268343, y: -0, z: -0, w: 0.92387956}
  m_LocalPosition: {x: 0, y: -0.00036930773, z: -0.00036930776}
  m_LocalScale: {x: 0.67131954, y: 1.6644852, z: 0.6569579}
  m_Children: []
  m_Father: {fileID: 1433686476789402696}
  m_RootOrder: 0
  m_LocalEulerAnglesHint: {x: 0, y: 0, z: 0}
--- !u!33 &6701944139670985580
MeshFilter:
  m_ObjectHideFlags: 0
  m_CorrespondingSourceObject: {fileID: 0}
  m_PrefabInstance: {fileID: 0}
  m_PrefabAsset: {fileID: 0}
  m_GameObject: {fileID: 4716854869836211574}
  m_Mesh: {fileID: 10202, guid: 0000000000000000e000000000000000, type: 0}
--- !u!23 &7245570811444088198
MeshRenderer:
  m_ObjectHideFlags: 0
  m_CorrespondingSourceObject: {fileID: 0}
  m_PrefabInstance: {fileID: 0}
  m_PrefabAsset: {fileID: 0}
  m_GameObject: {fileID: 4716854869836211574}
  m_Enabled: 1
  m_CastShadows: 1
  m_ReceiveShadows: 1
  m_DynamicOccludee: 1
  m_MotionVectors: 1
  m_LightProbeUsage: 1
  m_ReflectionProbeUsage: 1
  m_RenderingLayerMask: 1
  m_RendererPriority: 0
  m_Materials:
  - {fileID: 2100000, guid: d59c7a983c8590d4aa1078b66e80de3f, type: 2}
  m_StaticBatchInfo:
    firstSubMesh: 0
    subMeshCount: 0
  m_StaticBatchRoot: {fileID: 0}
  m_ProbeAnchor: {fileID: 0}
  m_LightProbeVolumeOverride: {fileID: 0}
  m_ScaleInLightmap: 1
  m_PreserveUVs: 0
  m_IgnoreNormalsForChartDetection: 0
  m_ImportantGI: 0
  m_StitchLightmapSeams: 0
  m_SelectedEditorRenderState: 3
  m_MinimumChartSize: 4
  m_AutoUVMaxDistance: 0.5
  m_AutoUVMaxAngle: 89
  m_LightmapParameters: {fileID: 0}
  m_SortingLayerID: 0
  m_SortingLayer: 0
  m_SortingOrder: 0
--- !u!65 &7379852937178199167
BoxCollider:
  m_ObjectHideFlags: 0
  m_CorrespondingSourceObject: {fileID: 0}
  m_PrefabInstance: {fileID: 0}
  m_PrefabAsset: {fileID: 0}
  m_GameObject: {fileID: 4716854869836211574}
  m_Material: {fileID: 0}
  m_IsTrigger: 0
  m_Enabled: 1
  serializedVersion: 2
  m_Size: {x: 1.0000007, y: 1, z: 1.0000007}
  m_Center: {x: -0.0000047683716, y: 0, z: -0.00015258789}
--- !u!1001 &1329839534946029202
PrefabInstance:
  m_ObjectHideFlags: 0
  serializedVersion: 2
  m_Modification:
    m_TransformParent: {fileID: 1329839533794117696}
    m_Modifications:
    - target: {fileID: 113135639719494359, guid: f167239fd6144234bbb096f232f693fd,
        type: 3}
      propertyPath: m_Name
      value: DroppedHealth
      objectReference: {fileID: 0}
    - target: {fileID: 113135639719494359, guid: f167239fd6144234bbb096f232f693fd,
        type: 3}
      propertyPath: m_IsActive
      value: 1
      objectReference: {fileID: 0}
    - target: {fileID: 113135639719494362, guid: f167239fd6144234bbb096f232f693fd,
        type: 3}
      propertyPath: m_LocalPosition.x
      value: 0
      objectReference: {fileID: 0}
    - target: {fileID: 113135639719494362, guid: f167239fd6144234bbb096f232f693fd,
        type: 3}
      propertyPath: m_LocalPosition.y
      value: 0
      objectReference: {fileID: 0}
    - target: {fileID: 113135639719494362, guid: f167239fd6144234bbb096f232f693fd,
        type: 3}
      propertyPath: m_LocalPosition.z
      value: 0
      objectReference: {fileID: 0}
    - target: {fileID: 113135639719494362, guid: f167239fd6144234bbb096f232f693fd,
        type: 3}
      propertyPath: m_LocalRotation.x
      value: 0.38268343
      objectReference: {fileID: 0}
    - target: {fileID: 113135639719494362, guid: f167239fd6144234bbb096f232f693fd,
        type: 3}
      propertyPath: m_LocalRotation.y
      value: 0
      objectReference: {fileID: 0}
    - target: {fileID: 113135639719494362, guid: f167239fd6144234bbb096f232f693fd,
        type: 3}
      propertyPath: m_LocalRotation.z
      value: 0
      objectReference: {fileID: 0}
    - target: {fileID: 113135639719494362, guid: f167239fd6144234bbb096f232f693fd,
        type: 3}
      propertyPath: m_LocalRotation.w
      value: 0.92387956
      objectReference: {fileID: 0}
    - target: {fileID: 113135639719494362, guid: f167239fd6144234bbb096f232f693fd,
        type: 3}
      propertyPath: m_RootOrder
      value: 0
      objectReference: {fileID: 0}
    - target: {fileID: 113135639719494362, guid: f167239fd6144234bbb096f232f693fd,
        type: 3}
      propertyPath: m_LocalEulerAnglesHint.x
      value: 45
      objectReference: {fileID: 0}
    - target: {fileID: 113135639719494362, guid: f167239fd6144234bbb096f232f693fd,
        type: 3}
      propertyPath: m_LocalEulerAnglesHint.y
      value: 0
      objectReference: {fileID: 0}
    - target: {fileID: 113135639719494362, guid: f167239fd6144234bbb096f232f693fd,
        type: 3}
      propertyPath: m_LocalEulerAnglesHint.z
      value: 0
      objectReference: {fileID: 0}
    - target: {fileID: 113135639719494362, guid: f167239fd6144234bbb096f232f693fd,
        type: 3}
      propertyPath: m_LocalScale.y
      value: 0.15
      objectReference: {fileID: 0}
    - target: {fileID: 113135639719494362, guid: f167239fd6144234bbb096f232f693fd,
        type: 3}
      propertyPath: m_LocalScale.z
      value: 0.15
      objectReference: {fileID: 0}
    - target: {fileID: 113135639719494362, guid: f167239fd6144234bbb096f232f693fd,
        type: 3}
      propertyPath: m_LocalScale.x
      value: 0.15
      objectReference: {fileID: 0}
    - target: {fileID: 113135639719494358, guid: f167239fd6144234bbb096f232f693fd,
        type: 3}
      propertyPath: m_Enabled
      value: 0
      objectReference: {fileID: 0}
    - target: {fileID: 113135639719494360, guid: f167239fd6144234bbb096f232f693fd,
        type: 3}
      propertyPath: m_Enabled
      value: 0
      objectReference: {fileID: 0}
    - target: {fileID: 113135639719494361, guid: f167239fd6144234bbb096f232f693fd,
        type: 3}
      propertyPath: m_Enabled
      value: 0
      objectReference: {fileID: 0}
    m_RemovedComponents: []
  m_SourcePrefab: {fileID: 100100000, guid: f167239fd6144234bbb096f232f693fd, type: 3}
--- !u!1 &1433686476789402693 stripped
GameObject:
  m_CorrespondingSourceObject: {fileID: 113135639719494359, guid: f167239fd6144234bbb096f232f693fd,
    type: 3}
  m_PrefabInstance: {fileID: 1329839534946029202}
  m_PrefabAsset: {fileID: 0}
--- !u!4 &1433686476789402696 stripped
Transform:
  m_CorrespondingSourceObject: {fileID: 113135639719494362, guid: f167239fd6144234bbb096f232f693fd,
    type: 3}
  m_PrefabInstance: {fileID: 1329839534946029202}
  m_PrefabAsset: {fileID: 0}
